1778 2875
720 138 946 172 *59-

237 247 300 286 21.
346 248 465 288 Unus
488 254 630 288 autem
654 262 704 288 ex
728 249 1102 298 discumbentibus,
1127 251 1192 289 cui
1214 263 1367 290 nomen
1390 251 1535 299 Lisias,

128 312 254 351 dixit:
318 312 550 364 „Philippe,
584 327 633 352 ex
665 314 886 365 Cleopatra
916 319 1111 354 nascetur
1142 315 1221 354 tibi
1252 315 1362 354 filius
1394 315 1536 354 similis

130 377 234 415 tui.“
292 377 375 417 Ubi
404 377 482 417 hoc
511 378 675 417 audivit
702 379 952 427 Alexander,
983 380 1187 430 percussit
1215 393 1311 418 eum
1341 393 1435 419 cum
1464 380 1536 420 ba-

129 441 234 490 culo,
259 455 383 493 quem
406 443 578 482 tenebat
601 444 641 481 in
664 456 806 491 manu,
830 448 872 482 et
894 444 1059 482 occidit.
1103 444 1258 483 Videns
1281 444 1359 483 hoc
1382 444 1536 496 Philip-

129 519 206 557 pus
240 507 370 546 iratus
405 512 467 546 est
500 513 542 546 et
575 508 706 546 erexit
739 521 780 546 se
814 513 942 559 atque
976 509 1016 547 in
1051 509 1139 559 ipso
1174 509 1334 559 impetu
1369 510 1530 548 cecidit.

131 571 248 610 Dixit
272 571 525 611 Alexander:
555 571 786 623 „Philippe,
814 572 885 623 qui
910 572 1143 623 subiugasti
1167 574 1310 612 Asiam
1336 579 1377 613 et
1404 574 1533 613 Euro-

128 648 239 686 pam,
275 650 401 688 quare
434 650 555 688 super
587 642 682 676 tuos
715 637 840 688 pedes
872 650 955 676 non
988 643 1074 676 stas
1091 638 1135 676 ?“
1202 638 1249 676 In
1282 637 1360 677 hoc
1392 639 1536 690 itaque

129 706 315 752 tempore
357 702 606 741 exturbatae
649 707 747 741 sunt
788 703 900 754 ipsae
942 704 1128 754 nuptiae.

236 767 298 805 22.
321 766 376 805 Et
396 766 611 818 Philippus
630 767 869 817 egrotabat3
890 772 932 806 et
951 773 1045 819 post
1064 781 1219 819 paucos
1238 768 1324 807 dies
1343 769 1534 808 introivit

127 831 363 871 Alexander
392 832 561 871 visitare
591 832 705 870 illum
736 837 778 871 et
807 832 932 871 dixit:
965 832 1198 884 „Philippe,
1230 834 1424 884 quamvis
1452 847 1536 872 non

127 896 182 934 sit
212 896 290 945 lex,
323 902 370 935 ut
400 902 441 935 te
471 910 616 935 vocem
647 910 697 936 ex
722 898 903 946 nomine,
934 910 1018 936 non
1049 898 1126 936 tibi
1156 898 1303 949 loquor
1334 903 1382 937 ut
1413 898 1535 947 filius,

129 960 198 999 sed
228 966 276 1000 ut
303 962 473 1001 amicus,
531 962 611 1001 Fac
639 962 743 1001 bene
772 962 946 1009 mulieri,
977 963 1041 1001 cui
1069 963 1176 1001 male
1206 963 1352 1011 fecisti,
1382 968 1424 1002 et
1450 976 1535 1002 non

128 1026 183 1064 sit
217 1026 294 1065 tibi
329 1039 464 1075 curae,
501 1027 598 1078 quia
633 1027 764 1066 occidi
800 1028 967 1066 Lisiam.
1038 1028 1148 1066 Bene
1185 1028 1274 1075 feci,
1311 1033 1357 1066 tu
1394 1033 1535 1067 autem

128 1091 235 1129 male
274 1092 420 1139 fecisti,
461 1093 557 1142 quia
596 1093 802 1143 impetum
842 1093 974 1131 fecisti
1016 1093 1054 1131 in
1095 1106 1173 1140 me,
1214 1098 1261 1131 ut
1300 1098 1536 1143 percuteres

127 1168 191 1195 me
216 1156 395 1206 gladio.“
447 1157 501 1195 Et.
528 1157 645 1195 flevit
671 1157 900 1208 Philippus.
951 1158 1005 1196 Et
1031 1157 1101 1196 ubi
1126 1158 1234 1196 vidit
1260 1163 1423 1209 patrem
1448 1158 1534 1209 plo—

126 1225 303 1270 rantem,
323 1222 481 1260 dimisit
499 1235 593 1261 eum
612 1228 653 1260 et
675 1221 841 1269 (h)abiit
859 1222 972 1274 loqui
990 1223 1115 1261 matri
1134 1236 1244 1270 suae,
1265 1223 1329 1261 eui
1347 1228 1389 1261 et
1407 1223 1532 1262 dixit:

128 1286 213 1334 „Mi
251 1291 397 1334 mater,
438 1287 521 1325 noli
560 1292 699 1325 tenere
738 1287 890 1326 malam
932 1287 1197 1326 voluntatem
1238 1288 1381 1339 patris,
1423 1288 1533 1339 quia,

126 1351 320 1402 quamvis
369 1351 663 1390 absconditum
714 1353 767 1391 sit
817 1357 1036 1403 peecatum
1086 1357 1221 1400 tuum,
1271 1352 1535 1404 reprehensio

127 1421 201 1455 tua
218 1416 360 1455 stabit.
393 1417 503 1455 Bene
520 1422 595 1465 est,
614 1422 660 1455 ut
676 1430 781 1455 uxor
797 1430 957 1468 semper
974 1417 1161 1456 subiecta
1179 1418 1231 1456 sit
1248 1431 1321 1456 suo
1337 1418 1531 1456 maritos*

132 1481 243 1519 Haec
281 1481 420 1520 dicens
458 1483 646 1532 portavit
684 1495 774 1521 eam
814 1483 922 1533 patri
962 1495 1048 1521 suo.

235 1546 297 1585 23.
328 1546 383 1585 Et
410 1552 506 1597 post
533 1560 688 1598 paucos
715 1547 801 1585 dies
828 1553 1034 1586 venerunt
1060 1548 1190 1597 reguli
1218 1548 1330 1586 missi
1357 1560 1380 1586 a
1410 1548 1534 1586 Dario

127 1612 377 1661 imperatore
414 1611 466 1650 ad
505 1611 744 1663 Philippum
783 1612 993 1663 querendo
1031 1625 1198 1651 censum
1239 1610 1534 1665 [consuetuml.

128 1675 210 1715 Ubi
238 1676 346 1714 vidit
374 1689 442 1715 eos
468 1677 718 1724 Alexander,
748 1677 873 1716 dixit:
905 1677 1012 1725 „lte
1042 1677 1165 1716 dicite
1196 1678 1342 1716 Dario:
1367 1677 1535 1729 quando

227 1806 286 1839 21.
307 1804 463 1847 [Zi1143,
484 1808 527 1840 13
546 1808 665 1847 --’144,
687 1807 723 1848 1]
753 1810 772 1840 3
793 1806 946 1841 baculo:
976 1816 1003 1839 s.
1027 1806 1124 1839 Einl.
1143 1808 1207 1847 213
1240 1806 1336 1840 dazu
1362 1806 1536 1840 verweist

130 1851 227 1885 mich
259 1851 431 1887 Heraeus
465 1853 532 1887 aus
567 1853 648 1887 ital.
679 1853 844 1888 boccale.
888 1874 923 1877 —
960 1853 1230 1896 fisuhiugasli:
1269 1864 1310 1887 so
1339 1853 1436 1887 auch
1467 1853 1535 1887 Va.

131 1899 208 1932 Das
228 1899 514 1943 urspriingliche
544 1899 602 1934 bei
628 1901 658 1934 A
686 1902 754 1935 Ar:
783 1901 803 1934 ὁ
830 1901 894 1945 τὴι
922 1901 930 1911 ’
937 1901 1061 1935 4σίαι
1097 1901 1279 1935 σπεύδων
1313 1901 1439 1944 λαβεῖι
1474 1900 1537 1934 καὶ

127 1946 192 1990 τὴν
220 1947 420 1991 Εὐρώπην
446 1948 490 1981 ἐκ
521 1951 596 1982 τῶν
632 1948 790 1992 βάθρων
824 1949 929 1992 ἑκρι
919 1948 1050 1987 ώσας.
1096 1968 1132 1971 —
1174 1949 1247 1982 Am
1289 1947 1430 1982 Schluss
1473 1946 1538 1981 des

132 1993 230 2036 Kap.
263 1993 368 2027 steht
399 1994 435 2027 in
468 2008 499 2029 ω
532 1995 667 2033 (ausser
702 1996 735 2029 A
768 1995 856 2034 Leo)
900 1995 959 2028 ein
992 1994 1076 2038 Ver}
1069 1994 1189 2037 gleich
1233 1994 1299 2028 der
1340 1996 1536 2037 gesterten

130 2039 318 2074 Hoehzeit
344 2040 414 2074 mit
438 2040 504 2075 der
529 2041 910 2085 Lapithenhochzeit.

228 2088 286 2123 22.
301 2087 455 2130 [Ζί144.
474 2091 538 2123 1-
548 2090 610 2130 15]
634 2091 679 2123 10
693 2089 809 2123 dixit·
832 2089 873 2123 In
890 2090 921 2123 4
939 2088 1052 2123 BCL
1068 2088 1215 2132 spricht
1233 2090 1358 2122 zuerst
1372 2087 1537 2122 Alexan-

128 2134 208 2175 der,
226 2134 328 2168 dann
348 2134 513 2179 Philipp,
542 2136 645 2170 dann
672 2136 812 2170 wieder
838 2135 1073 2177 Alexande1¹3
1102 2136 1137 2170 in
1166 2135 1224 2170 Va
1244 2136 1296 2179 Sy
1313 2136 1367 2169 Ar
1384 2135 1443 2179 ΒΥ
1468 2135 1539 2169 wie

129 2181 189 2216 bei
206 2181 292 2216 Leo
317 2202 352 2205 —
372 2183 416 2216 15
438 2182 563 2218 flevit:
594 2194 635 2217 so
666 2183 761 2218 auch
787 2184 856 2227 Sy:
877 2183 951 2227 vgl.
972 2184 1023 2221 4;
1052 2182 1178 2217 nichts
1205 2183 1333 2217 daxon
1360 2183 1398 2216 in
1427 2196 1468 2217 ω.
1498 2203 1534 2206 -—

129 2230 334 2264 17tenere:
349 2210 1099 2265 haltenichtfestamschlechtenWillen
1115 2240 1252 2273 gegen3
1263 2229 1309 2264 cf.
1324 2229 1393 2273 Sy:
1405 2230 1538 2263 timere

130 2286 247 2309 xeiin.
271 2275 324 2310 La
345 2276 442 2311 nach
467 2277 583 2311 J1.—-
618 2280 662 2312 18
694 2277 954 2321 reprehensio:
993 2277 1071 2311 ἀλῖ
1109 2278 1188 2321 ἐγὼ
1216 2277 1349 2322 μέντοι
1381 2277 1539 2321 ἔλεγχός

128 2336 191 2357 σοι
215 2324 368 2367 ἔσομαι.
403 2344 438 2347 -
463 2326 535 2359 Am
561 2324 703 2359 Schluss
735 2324 800 2358 des
834 2325 931 2368 Kap.
954 2325 1000 2358 W
1004 2324 1160 2367 ortspiel
1188 2325 1258 2358 mit
1279 2323 1365 2358 dem
1386 2324 1538 2358 Namen

129 2370 195 2403 des
225 2370 358 2414 Lysias
386 2370 423 2404 in
455 2383 503 2412 w:
532 2371 629 2406 fehlt
656 2372 694 2405 in
722 2372 755 2405 A
774 2371 860 2405 Leo.

229 2419 288 2452 23.
309 2417 365 2459 [Zi
384 2420 466 2459 144,
482 2420 667 2460 17-145,
688 2420 725 2461 1]
753 2418 821 2452 4415
841 2419 995 2462 Ansang
1014 2418 1079 2452 des
1105 2419 1202 2462 Kap.
1223 2417 1292 2452 hat
1316 2432 1346 2453 ω
1368 2417 1439 2452 den
1459 2417 1539 2461 Zug

129 2464 366 2498 Alexanders
389 2474 506 2508 gegen
532 2465 592 2501 die
615 2466 731 2501 Stadt
755 2465 935 2500 Methone
958 2466 995 2499 in
1021 2465 1180 2506 Pierien,
1205 2465 1264 2499 die
1286 2464 1365 2499 sich
1387 2466 1536 2508 emport

128 2511 251 2554 hatte,
273 2510 349 2545 und
365 2511 424 2546 die
437 2511 655 2547 Alexander
670 2523 755 2547 zum
775 2512 986 2547 Gehorsam
1002 2511 1172 2548 brachte..
1195 2533 1231 2536 —
1249 2514 1292 2546 22
1310 2513 1537 2546 consuetum

129 2568 204 2602 erg.
238 2559 290 2592 La
322 2558 419 2593 nach
446 2559 485 2593 ,ΙΙ
517 2559 594 2593 und
625 2559 690 2595 Ps:
723 2561 813 2600 τοὺς
840 2560 1036 2604 συνήθους
1065 2560 1225 2604 φόρους.
1270 2580 1305 2582 -
1347 2561 1391 2594 23
1421 2558 1536 2593 dixit:

132 2606 200 2639 Die
230 2607 408 2640 Antwort
437 2605 674 2640 Alexanders
703 2607 857 2641 ahnlich
885 2607 954 2641 wie
985 2606 1060 2640 Leo
1090 2607 1128 2640 in
1160 2607 1229 2650 Sy3
1261 2605 1398 2640 anders
1426 2606 1464 2639 in
1494 2619 1535 2640 ω.

1560 582 1704 609 13197a

1557 777 1596 803 47
1626 778 1646 803 L

1560 842 1596 868 10

1562 1173 1595 1200 15

1559 1492 1598 1519 20
