1778 2875
42 448 66 473 B
92 447 184 474 204d

797 135 1030 167 -84-

212 243 408 294 cognovit
441 244 785 283 contrarietatem
819 257 937 284 suam
973 250 1013 284 et
1047 245 1172 284 dixit:
1223 246 1502 296 ,‚Alexander,
1538 260 1622 286 non

211 321 302 347 sum
338 308 546 359 culpatus,
583 309 690 347 sicut
724 308 826 348 haec
860 310 1036 361 epistola
1071 310 1216 349 dicit.“

321 373 409 412 Rex
447 377 590 412 autem
627 386 752 412 sanus
790 374 965 413 effectus
1003 379 1065 414 est
1101 375 1358 426 vocavitque
1396 376 1621 427 Filippum,

212 437 472 488 amplexavit
515 437 664 477 collum
709 439 794 478 eius
837 443 879 478 et
920 439 1046 478 dixit:
1120 440 1402 490 ‚‚Cognovisti,
1449 441 1620 492 Filippe,

168 520 185 545 5
213 502 378 553 qualem
411 515 596 542 amorem
629 508 670 542 et
702 516 830 555 quam
863 504 1061 543 fiduciam
1093 503 1227 543 habeo
1259 505 1300 543 in
1333 509 1387 554 te,
1421 505 1492 557 qui
1523 510 1621 544 ante

151 838 187 865 10

95 1365 183 1392 SOL

148 1495 187 1523 20

40 1945 64 1971 Β
89 1944 183 1971 205a

210 567 297 606 bibi
317 567 532 618 potionem
553 572 672 607 tuam
694 573 735 607 et
755 568 811 607 sic
832 569 927 607 dedi
946 569 1024 608 tibi
1043 570 1177 620 ipsam
1199 569 1432 620 epistolam,
1455 570 1622 609 sciendo

209 632 564 683 simplicitatem.“
609 633 683 672 Cui
708 633 894 684 Filippus
917 634 1042 673 dixit:
1089 634 1367 683 „Alexander‚
1392 635 1458 673 fac
1481 635 1621 674 venire

210 698 347 748 ipsum
373 696 599 746 hominem,
629 698 700 749 qui
727 698 805 736 tibi
832 698 984 738 direxit
1011 698 1118 738 hanc
1145 699 1379 750 epistolam,
1409 699 1508 750 quia
1532 700 1622 750 ipse

208 763 344 801 voluit
365 775 431 801 me
454 762 531 801 tibi
554 762 656 801 talia
679 763 853 802 facere.“
902 764 1057 803 Statim
1079 764 1316 803 Alexander
1338 764 1459 802 iussit
1481 764 1621 804 venire

210 827 478 866 Parmenium
505 831 547 866 et
572 828 792 878 inquisivit
818 828 934 867 illum
960 829 1205 880 invenitque
1232 841 1328 867 eum
1356 828 1620 880 culpabilem,

209 893 327 931 iussit
360 905 455 931 eum
486 892 693 931 decollari.

316 957 353 996 9.
378 956 537 996 Dehinc
556 957 691 996 movit
712 958 941 996 exercitum
962 971 1084 997 suum
1098 963 1139 997 et
1152 958 1335 1009 perrexit
1347 958 1389 997 in
1402 956 1621 1011 Med[i]am

213 1027 255 1061 et
278 1023 320 1061 in
343 1023 586 1061 Armeniam
610 1035 807 1073 magnam
832 1028 874 1062 et
898 1023 1139 1074 subiugavit
1162 1036 1242 1062 eas.
1291 1023 1450 1062 Deinde
1475 1023 1621 1062 ambu-

212 1087 318 1126 lavit
347 1088 434 1126 dies
464 1087 621 1126 multos
651 1092 692 1126 et
722 1088 928 1138 ingressus
957 1093 1020 1127 est
1049 1088 1187 1127 locum
1217 1088 1380 1127 aridum
1410 1092 1452 1127 et
1482 1100 1621 1127 caver-

170 1171 187 1196 5
211 1165 375 1199 nosum,
410 1153 451 1190 in
486 1165 567 1203 quo
600 1165 684 1191 non
717 1153 1011 1192 inveniebatur
1044 1166 1166 1204 aqua.
1232 1153 1287 1191 Et
1320 1153 1518 1191 transivit
1550 1165 1621 1203 per

208 1217 359 1265 locum,
389 1217 459 1268 qui
486 1217 638 1256 dicitur
663 1217 875 1265 Andriaei,
902 1218 1102 1269 venitque
1130 1218 1182 1257 ad
1210 1218 1388 1256 fluvium
1416 1217 1622 1256 Eufraten

209 1287 251 1322 et
269 1282 511 1333 applicavit.
550 1282 677 1321 Iussit
695 1282 835 1321 afferri
854 1282 964 1333 ligna
983 1288 1025 1321 et
1043 1282 1286 1334 preparavit
1305 1286 1478 1333 pontem
1498 1295 1620 1333 super

209 1348 347 1399 ipsum
379 1347 557 1386 fluvium
589 1360 683 1386 cum
714 1347 870 1386 tabulis
901 1352 943 1386 et
974 1348 1132 1386 catenis
1164 1347 1303 1386 ferreis
1335 1351 1376 1386 et
1407 1347 1621 1398 praecepit

208 1413 411 1451 militibus
437 1413 533 1461 suis,
560 1417 608 1451 ut
633 1412 873 1451 transirent.
925 1413 989 1451 Illi
1015 1417 1157 1451 autem
1183 1412 1453 1451 dubitabant.
1502 1412 1621 1451 Vidit

209 1483 352 1517 autem
374 1490 442 1516 eos
462 1491 535 1516 rex
558 1477 751 1516 dubitare
773 1478 1069 1528 praecepitque
1093 1477 1337 1516 custodibus
1360 1477 1618 1525 animalium,

208 1547 256 1581 ut
296 1542 536 1590 transirent,
580 1542 702 1580 simul
743 1547 785 1581 et
826 1555 968 1581 omnes
1009 1547 1239 1593 apparatus
1280 1546 1408 1592 atque
1450 1541 1618 1580 cibaria.

209 1608 310 1646 Post
342 1607 444 1646 haec
475 1607 596 1646 iussit
628 1607 832 1646 militibus
865 1607 960 1655 suis,
995 1612 1043 1646 ut
1074 1607 1315 1646 transirent.
1380 1606 1445 1644 Illi
1477 1611 1619 1645 autem

207 1673 398 1712 videntes
425 1672 760 1723 magnitudinem
788 1672 920 1721 fluvii,
950 1677 991 1711 et
1019 1685 1140 1711 cursu
1167 1671 1424 1711 validissimo
1452 1671 1619 1710 dubita-

207 1741 361 1777 verunt
391 1737 582 1785 transire⁷
617 1742 663 1775 ut
694 1750 778 1775 non
812 1737 1101 1788 frangerentur
1135 1741 1319 1776 catenae.
1382 1736 1619 1775 Alexander

209 1807 352 1842 autem
386 1802 636 1841 convocavit
669 1802 822 1841 milites
857 1814 951 1840 suos
985 1806 1026 1841 et
1059 1802 1196 1853 coepit
1228 1801 1404 1840 transire
1437 1801 1619 1851 primum

209 1868 309 1919 ipse.

319 1932 490 1971 Fluvius
516 1932 659 1983 itaque
685 1931 817 1982 Tigris
843 1936 885 1970 et
913 1932 1108 1970 Eufrates
1134 1935 1313 1982 pergunt
1339 1943 1410 1981 per
1436 1930 1617 1969 mediam

207 1997 558 2048 Mesopotomiam
593 2001 635 2036 et
672 1997 937 2036 Babiloniam
973 2001 1015 2035 et
1049 1997 1210 2035 intrant
1246 1996 1424 2034 fluvium
1463 1995 1616 2033 Nilum.

302 2107 319 2139 7
351 2102 640 2148 simplicitatem
673 2105 781 2137 tuam
810 2113 928 2137 verm.
961 2103 1026 2137 La.
1066 2123 1102 2126 —
1135 2103 1155 2135 9
1195 2101 1318 2136 voluit
1353 2102 1389 2135 M
1419 2101 1472 2136 La
1500 2101 1616 2142 Ausf;

207 2151 330 2186 noluit
364 2151 438 2192 Ba;
483 2150 632 2184 monuit
661 2150 713 2185 Jl.
752 2171 787 2174 —
829 2152 869 2184 11
889 2149 1083 2184 decollari:
1111 2148 1196 2183 Dass
1214 2148 1443 2183 Parmenion
1467 2150 1617 2192 getotet

204 2199 348 2240 wurde,
376 2197 566 2232 berichtet
592 2208 664 2232 nur
688 2197 785 2232 noch
799 2197 875 2239 Va;
894 2198 963 2232 Ar:
987 2196 1187 2240 διέφθειρε
1206 2196 1488 2240 Παρμενίωνα,
1507 2197 1617 2230 sonst

207 2256 294 2281 nur:
324 2245 488 2287 κολάζει,
519 2245 619 2279 denn
647 2244 721 2289 vgl.
755 2245 791 2279 II
823 2247 864 2280 17
896 2246 1017 2278 unten
1048 2243 1084 2278 S.
1113 2244 1169 2278 95.

307 2294 341 2328 9.
370 2293 428 2335 [Ζί
454 2294 538 2334 176,
566 2293 724 2334 5-178,
752 2293 814 2334 16]
837 2294 881 2327 13
902 2291 1140 2326 harmeniam
1163 2290 1232 2332 Ba,
1260 2290 1284 2324 h
1314 2289 1540 2324 ausradiert.
1576 2310 1613 2313 —

209 2341 252 2373 15
282 2339 475 2374 Zwischen
504 2349 579 2383 quo
613 2339 692 2373 und
721 2349 797 2373 non
830 2339 868 2372 in
897 2338 954 2373 Ba
978 2339 1105 2373 Raum
1140 2338 1179 2372 in
1206 2338 1347 2378 Rasum
1385 2336 1524 2381 quibus
1562 2336 1614 2371 Jl.

213 2408 249 2411 -—
279 2388 323 2421 16
358 2387 557 2422 Andriaci:
593 2386 810 2430 Δαρειακῆς
836 2386 887 2421 A:
921 2385 1126 2430 Ἀρειανῆς
1170 2384 1200 2418 Β
1221 2384 1263 2426 C;
1311 2384 1501 2428 Ἀριακῆς
1544 2384 1614 2425 Ar3

208 2434 394 2478 Ἀριανῆς
437 2434 483 2475 L;
528 2433 626 2468 fehlt
659 2433 716 2468 Va
744 2433 814 2478 By.
856 2454 893 2457 —
931 2435 975 2467 18
1002 2432 1144 2466 tabulis
1177 2434 1215 2466 et
1334 2431 1480 2466 ferreis:
1516 2430 1616 2464 bulis

208 2512 312 2544 et...
345 2510 375 2543 is
399 2510 435 2543 in
461 2511 598 2544 Rasur.
631 2531 667 2534 —
697 2512 740 2544 19
765 2509 818 2543 illi
842 2510 879 2543 in
902 2510 1039 2544 Rasur.
1068 2529 1104 2532 —
1132 2510 1176 2542 20
1200 2480 1370 2542 anirrii‘ilii
1391 2516 1438 2536 Ξ
1459 2507 1527 2542 Ba.
1574 2527 1611 2530 —

208 2559 253 2591 24
277 2557 436 2591 transire
458 2557 664 2592 klammcrt
687 2557 741 2591 La
762 2557 833 2591 ein.
880 2577 915 2580 —
953 2559 995 2591 27
1031 2555 1191 2590 Fluvius
1229 2583 1236 2589 .
1254 2583 1261 2589 .
1279 2583 1286 2589 .
1326 2555 1400 2589 ista
1434 2554 1612 2589 flumina:

208 2604 304 2639 fehlt
333 2604 362 2638 B
382 2604 408 2638 C
426 2604 546 2643 LYa:
579 2603 679 2639 wohl
711 2614 831 2648 urspr.
861 2603 1038 2638 Scholion
1071 2602 1137 2637 des
1168 2601 1429 2647 griechischen
1457 2602 1613 2636 Textes.
