1778 2875
789 149 823 151 ,ἶ
881 130 924 161 ss)
986 150 1020 152 —

199 238 255 277 los
297 238 571 288 provintiasf‘
653 239 769 277 Tunc
810 239 1046 278 Alexander
1088 239 1206 278 iussit
1247 252 1341 278 eum
1383 240 1606 279 monstrari

85 312 123 334 θ’
154 311 172 334 ³<
201 303 360 341 cunctis
394 302 596 342 militibus
630 304 712 341 suis
745 308 786 342 et
820 304 944 342 dixit:
1011 304 1126 352 „Viri
1160 304 1406 343 Macedones
1438 304 1604 353 milites,

146 1159 178 1185 15

39 1804 62 1830 Β
89 1803 180 1830 2030

93 1840 132 1866 83
160 1840 181 1865 L

149 2124 189 2150 30

199 368 395 406 convenit
423 367 616 406 omnibus
645 368 847 407 militibus
876 369 1001 407 talem
1030 368 1181 407 habere
1210 369 1604 408 confortationem.“

202 432 256 470 Et
283 432 482 471 continuo
510 433 629 471 iussit
657 433 768 472 abire
797 433 925 472 illum.
980 434 1033 472 Et
1062 439 1163 472 tunc
1189 434 1415 484 pugnando
1444 434 1607 473 fortiter

201 497 439 535 ceciderunt
468 498 590 536 multi
619 498 785 536 barbari
813 503 867 546 ct,
899 504 945 536 ut
975 499 1168 537 viderunt
1200 512 1239 537 se
1269 499 1413 547 minui,
1443 498 1607 548 in(h)ie-

199 568 297 601 runt
329 563 483 613 fugam.

310 627 371 666 10.
398 628 454 667 Et
476 628 682 678 persecuti
708 633 805 666 sunt
829 641 898 666 eos
921 641 1051 679 usque
1078 629 1274 667 Bactram
1299 633 1340 667 et
1364 628 1607 679 applicavit.

125 699 140 721 Γ)
172 708 174 711 ·
201 691 293 731 Alia
310 705 409 730 vero
426 692 490 731 die
509 693 619 742 cepit
637 693 800 731 fortiter
817 705 1001 743 pugnare
1018 693 1152 744 ipsam
1170 693 1387 732 civitatem
1404 698 1446 732 et
1464 705 1608 744 apprc-

200 756 347 796 hendit
380 770 485 796 eam.
552 757 802 808 Invenitque
836 757 892 796 ibi
926 763 1104 797 matrem
1142 758 1254 796 Darii
1287 763 1329 797 et
1362 770 1535 796 uxorem
1568 762 1611 796 et

203 821 309 861 filios
347 823 445 861 eius.
519 822 747 873 Posuitque
784 823 824 860 in
862 835 909 861 ea
947 822 1093 861 solium
1132 835 1250 861 suum
1290 827 1333 861 et
1369 822 1611 873 subiugavit

201 886 278 925 sibi
308 900 450 925 omnes
480 887 582 926 alias
612 887 818 926 civitates.
877 887 978 926 Post
1006 887 1107 926 haec
1137 901 1243 926 unus
1273 900 1323 926 ex
1352 886 1611 938 principibus

202 952 377 990 miliciae
402 952 516 990 Darii
537 952 791 1003 presumpsit
813 965 853 990 se
878 953 1014 991 venire
1037 953 1088 991 ad
1111 952 1396 991 Alexandrum
1420 957 1462 990 et
1483 952 1609 990 dixit:

203 1017 483 1065 „Dominator
526 1016 775 1065 Alexander,
820 1017 1011 1068 princeps
1056 1017 1170 1056 Darii
1213 1030 1304 1056 sum
1348 1021 1390 1056 et
1432 1016 1612 1068 plurima

202 1081 312 1120 bona
335 1082 505 1121 servitia
527 1082 563 1121 ei
585 1082 675 1130 feci,
699 1087 741 1121 et
762 1080 862 1120 nihil
886 1081 984 1120 boni
1007 1082 1058 1121 ab
1082 1095 1128 1120 eo
1150 1083 1298 1133 recepi.
1346 1082 1612 1133 Quapropter

204 1147 235 1185 si
260 1146 337 1186 tibi
360 1147 538 1197 placeat,
564 1147 617 1186 da
640 1147 760 1185 nobis
785 1147 926 1185 decem
952 1147 1064 1186 milia
1088 1153 1273 1186 armatos
1296 1147 1450 1185 milites
1473 1151 1516 1185 et
1538 1158 1612 1196 ego

204 1212 325 1250 trado
357 1212 434 1250 tibi
466 1212 672 1263 principes
704 1217 882 1260 nostros,
916 1212 985 1250 scd
1018 1217 1060 1250 et
1091 1212 1227 1263 ipsum
1262 1212 1476 1251 Darium.“
1539 1210 1614 1250 Cui

204 1277 439 1316 Alexander
474 1277 599 1315 dixit:
669 1277 825 1327 „Perge
860 1277 1139 1316 adiuvaturus
1171 1289 1309 1327 regem
1344 1282 1479 1324 tuum,
1517 1276 1615 1327 quia

204 1355 287 1380 non
324 1341 401 1380 tibi
438 1342 614 1381 credunt
651 1342 852 1385 extranei,
891 1347 1115 1392 postquam
1154 1354 1339 1392 pugnare
1375 1341 1438 1379 vis
1474 1340 1611 1379 tUOS.“

311 1407 429 1445 Tunc
453 1408 707 1458 scripserunt
734 1407 873 1458 Stapsi
897 1412 939 1445 et
965 1406 1147 1457 Sphictir
1171 1406 1410 1457 epistolam:
1458 1405 1614 1454 „Dario

170 1483 182 1507 ῖ-
206 1472 289 1522 regi
311 1472 523 1523 praeclaro
546 1478 673 1523 atque
697 1472 773 1511 deo
796 1485 948 1522 magno
971 1472 1184 1522 gaudium.
1230 1471 1319 1509 Iam
1343 1475 1468 1509 antea
1490 1470 1614 1521 scrip-

207 1537 334 1575 simus
369 1542 411 1575 et
446 1550 557 1575 nunc
592 1537 743 1576 iterum
781 1537 1007 1575 scribemus
1043 1536 1275 1575 adventum
1310 1535 1539 1575 Alexandri
1574 1539 1616 1573 et

207 1602 420 1652 cognitum
459 1602 634 1641 facimus
670 1602 760 1650 tibi⁷
800 1603 897 1653 quia
934 1601 1125 1652 pervenit
1161 1602 1202 1639 in
1239 1600 1346 1639 hanc
1383 1605 1538 1639 terram
1575 1604 1617 1638 et

207 1667 427 1718 dissipavit
445 1680 534 1706 eam
556 1672 597 1706 et
616 1667 768 1705 occidit
786 1667 986 1718 plurimos
1004 1680 1053 1705 cx
1072 1666 1192 1704 nobis
1210 1670 1251 1705 ot
1270 1678 1412 1704 sumus
1430 1664 1617 1716 oppressi

208 1733 244 1770 in
276 1745 428 1782 magna
457 1733 663 1783 angustia.
720 1732 840 1771 Unde
869 1731 1149 1779 recordamur,
1180 1735 1226 1769 ut
1255 1735 1470 1769 succurrat
1498 1729 1617 1767 nobis

209 1802 281 1835 tua
323 1798 584 1848 magnitudo,
627 1802 855 1848 antequam
898 1796 1154 1847 ingrediatur
1195 1795 1247 1834 ad
1288 1797 1370 1833 te.“

320 1862 504 1913 Recepta
541 1862 619 1901 hac
657 1862 833 1913 epistola
874 1861 1024 1900 Darius
1061 1860 1205 1911 relegit
1243 1873 1334 1898 eam
1373 1864 1415 1898 et
1453 1858 1617 1910 scripsit

208 1927 429 1978 epistolam
460 1927 512 1966 ad
542 1927 830 1966 Alexandrum
861 1926 935 1965 tali
965 1926 1108 1964 modo:
1169 1925 1349 1974 „Darius
1378 1923 1617 1962 Alexandro

211 1992 329 2031 dicit:
374 1993 570 2031 Pervenit
596 1993 637 2030 in
663 2005 813 2031 manus
839 1996 1004 2030 nostras
1031 1990 1206 2042 epistola
1232 1990 1282 2028 de
1308 1995 1383 2028 tua
1409 1988 1616 2040 superbia,

211 2058 307 2108 quia
332 2058 489 2108 cogitas
512 2058 652 2096 venire
675 2070 803 2108 prope
826 2069 914 2103 nos,
939 2061 988 2095 ut
1009 2055 1191 2106 loquaris
1214 2054 1445 2093 nobiscum.
1496 2052 1617 2104 Quod

212 2122 242 2160 si
270 2121 347 2159 hoc
376 2123 531 2173 poterit
559 2122 661 2171 fieri,
691 2122 911 2161 orientales
940 2121 996 2159 dii
1023 2124 1199 2172 pergant
1226 2119 1417 2158 habitare
1445 2118 1487 2157 in
1514 2117 1618 2156 occi-

212 2187 349 2226 dente.
400 2188 492 2225 Non
517 2187 702 2226 elevetur
728 2200 844 2225 mens
869 2191 1008 2225 vestra
1033 2186 1075 2224 in
1099 2184 1190 2232 hoo,
1218 2183 1329 2235 quod
1355 2183 1502 2222 fecisti.
1553 2182 1620 2221 Sic

212 2265 343 2302 spero,
380 2253 492 2303 quod
527 2257 661 2291 mater
695 2265 787 2290 mea
821 2256 988 2290 mortua
1024 2250 1076 2288 sit
1110 2254 1151 2287 et
1185 2261 1358 2287 uxorem
1393 2247 1618 2299 aliquando

315 2372 371 2405 10.
394 2372 449 2413 [zi
479 2374 560 2412 178,
582 2373 766 2411 meisi,
800 2371 836 2411 5]
865 2373 881 2404 7
904 2371 942 2403 et
975 2367 1186 2412 applicavit
1214 2367 1252 2400 in
1275 2367 1411 2400 Rasur.
1444 2386 1481 2389 —
1511 2368 1530 2400 9
1557 2364 1617 2398 In-

212 2417 395 2461 venitque
520 2418 618 2451 filios
644 2418 741 2452 eius:
769 2416 865 2451 fehlt
892 2417 928 2450 in
959 2429 1001 2457 co,
1027 2425 1085 2449 wo
1111 2425 1150 2449 es
1176 2414 1293 2448 schon
1323 2413 1337 2447 I
1366 2415 1408 2447 41
1438 2412 1561 2453 steht;
1588 2422 1616 2445 s.

213 2464 299 2498 dort
318 2475 347 2498 z.
367 2466 402 2498 d.
424 2466 481 2499 St.
503 2486 538 2489 —
558 2468 601 2499 10
619 2475 702 2499 eam
722 2465 777 2499 Ba
797 2464 866 2498 mit
883 2462 1158 2498 ausradiertem
1180 2472 1233 2502 1113
1252 2471 1297 2495 ea
1318 2460 1370 2494 Γ.
1396 2480 1432 2483 -
1454 2461 1500 2501 16
1518 2459 1618 2503 prin-

213 2512 315 2555 cipes
339 2515 506 2547 nostros:
532 2524 572 2546 so
597 2512 694 2546 auch
719 2512 751 2545 A
768 2512 844 2552 Ya3
869 2510 965 2545 fehlt
989 2510 1025 2543 in
1053 2523 1094 2543 ω.
1127 2529 1161 2532 —
1192 2510 1234 2541 19
1263 2507 1405 2551 Stapsi,
1432 2506 1617 2551 Sphictir:

214 2569 242 2592 s,
269 2559 367 2593 Einl.
395 2562 452 2593 19.
475 2581 511 2584 —
529 2563 569 2595 31
599 2559 771 2593 elevetur
795 2560 850 2597 (so
879 2558 933 2600 Jl)
959 2558 1058 2591 korr.
1078 2556 1133 2590 Ba
1157 2566 1226 2589 aus
1249 2555 1434 2588 elevatur.
1456 2574 1492 2577 —
1510 2555 1553 2587 32
1581 2553 1620 2586 et

214 2617 370 2641 uxorem
400 2610 435 2640 et
465 2607 563 2641 filios
593 2607 629 2641 J]
660 2607 728 2641 wic
756 2606 821 2645 Ps3
849 2604 948 2639 wohl
975 2603 1207 2638 erschlossen
1235 2612 1304 2636 aus
1331 2604 1391 2643 86,
1418 2603 1452 2635 9.
