1778 2875
733 149 962 183 -35-

148 259 351 299 Referunt
378 260 501 308 enim,
531 260 642 312 quia,
672 259 840 311 quando
868 259 1022 299 fluvius
1052 259 1170 298 Nilus
1196 259 1332 310 pergit
1358 259 1400 298 in
1429 259 1553 310 Egip-

145 330 250 373 tum,
282 325 363 364 ista
392 325 569 364 flumina
598 329 857 364 evacuantur
887 329 943 374 et,
977 324 1146 376 quando
1168 324 1321 363 iterum
1343 323 1552 374 egreditur

145 389 197 428 ab
240 389 407 441 Egipto,
451 389 796 441 superabundant
836 389 918 428 ista
959 389 1147 428 flumina.

252 454 356 494 Cum
401 459 544 494 autem
590 454 808 493 transisset
852 453 1088 492 Alexander
1134 458 1176 492 et
1221 453 1355 492 omnis
1399 453 1551 492 milicia

145 531 219 557 sua
255 519 433 558 fluvium
470 519 687 567 Eufraten,
723 518 847 557 rediit
880 523 991 557 retro
1028 531 1068 557 se
1103 518 1340 557 Alexander
1376 523 1418 557 et
1453 518 1550 557 fecit
1595 530 1613 556 5

144 583 323 622 incidere
343 584 480 635 ipsum
499 588 686 634 pontem.
727 583 817 621 Hoc
837 582 1028 622 videntes
1047 582 1200 621 milites
1220 583 1306 621 eius
1327 587 1552 633 coeperunt

146 648 338 688 dubitare
368 652 678 687 murmurantes
706 648 817 686 intra
847 660 887 686 se
917 660 963 686 ac
993 647 1196 686 dicentes:
1255 647 1328 696 „Si
1357 647 1551 686 acciderit

145 713 277 761 nobis,
318 718 365 752 ut
404 713 611 764 fugiamus
649 713 689 751 in
729 712 871 764 preliO,
910 725 993 751 non
1032 712 1110 751 erit
1148 712 1351 750 transitus
1389 711 1550 751 nobis.“

152 777 312 829 Quibus
340 778 533 816 omnibus
561 777 669 816 dixit
694 777 950 816 Alexander:
1006 777 1147 825 „Bene
1176 790 1241 815 me
1270 777 1551 825 confortastis,

146 843 314 893 quando
354 843 455 882 talia
493 842 720 893 cogitastis.
797 842 852 881 Et
889 854 963 892 ego
1002 842 1174 893 proinde
1214 842 1291 880 feci
1329 842 1612 880 dissolverem

147 908 286 958 ipsum
321 912 506 958 pontem,
543 912 591 946 ut
626 912 700 946 aut
735 907 929 958 pugnetis
964 907 1137 945 viriliter
1172 911 1214 945 et
1248 907 1428 945 vineatis
1464 911 1551 955 aut,
1577 924 1609 949 31
1643 924 1665 949 L

85 983 88 985 ’
147 972 180 1010 si
211 972 340 1011 vultis
372 972 524 1023 fugere,
557 972 749 1023 pereatis,
783 972 880 1023 quia
911 985 1051 1023 pugna
1083 977 1125 1010 et
1155 972 1331 1010 victoria
1362 984 1445 1010 non
1477 971 1555 1010 erit

150 1036 226 1085 his,
257 1037 329 1088 qui
357 1037 536 1087 fugiunt,
568 1037 637 1075 sed
668 1037 717 1075 de
748 1037 838 1085 illis,
869 1037 939 1088 qui
968 1037 1259 1088 insequuntur.
1292 1036 1411 1076 Unde
1441 1049 1552 1085 vero,

146 1102 243 1152 quia
291 1102 532 1141 nullomodo
582 1101 780 1141 videbitis
807 1102 1110 1149 Macedoniam,
1150 1101 1227 1140 nisi
1266 1101 1379 1152 prius
1418 1102 1554 1140 vicero

145 1171 318 1205 cunctos
351 1166 564 1215 barbaros,
599 1172 641 1205 et
675 1172 776 1206 tunc
811 1179 905 1205 cum
939 1167 1115 1205 victoria
1148 1171 1422 1213 revertamur,
1459 1179 1612 1210 con-13

146 1232 323 1270 fortetur
358 1244 475 1270 mens
508 1236 661 1280 vestra,
698 1236 740 1271 et
775 1232 1067 1271 fortitudinem
1102 1229 1301 1284 pugn[a]e
1336 1231 1554 1270 estimetur

146 1295 266 1335 vobis
296 1309 381 1335 esse
412 1297 567 1335 iocus.“

252 1361 479 1400 Multitudo
522 1374 619 1400 vero
662 1361 844 1400 militum
890 1361 1003 1400 Darii
1047 1361 1258 1412 applicata
1301 1366 1390 1400 erat
1432 1374 1554 1412 super

145 1426 322 1464 fluvium
347 1426 491 1477 Tigris.
542 1427 752 1477 Principes
778 1426 953 1465 miliciae
979 1431 1099 1465 erant
1125 1439 1247 1477 super
1273 1426 1329 1465 eis
1356 1426 1552 1477 quinque.

145 1491 439 1530 Convenerunt
477 1491 517 1529 in
557 1504 704 1542 campo
741 1491 977 1530 Alexander
1016 1504 1110 1530 cum
1149 1491 1231 1529 suis
1269 1496 1310 1530 et
1348 1491 1554 1542 principes
1576 1507 1614 1535 20

145 1555 320 1594 miliciae
353 1556 465 1594 Darii
497 1560 538 1595 et
569 1556 718 1595 acriter
749 1562 1057 1607 pugnaverunt.
1120 1556 1302 1595 Stabant
1332 1556 1440 1594 enim
1474 1556 1552 1594 for·
1581 1568 1603 1592 Β
1629 1566 1721 1593 2051)

146 1620 243 1658 titer
283 1625 324 1658 et
361 1621 601 1660 nullomodo
637 1621 840 1660 cedebant
872 1621 947 1660 sibi
976 1622 1126 1660 locum.
1157 1621 1228 1659 Vir
1259 1621 1431 1672 quidam
1462 1621 1554 1659 Per-

146 1697 285 1724 sarum
311 1685 450 1724 am'mo
476 1698 580 1733 acer,
608 1686 780 1725 indutus
806 1691 922 1725 veste
949 1691 990 1725 et
1015 1699 1131 1725 arma
1157 1685 1425 1725 Macedonica
1451 1685 1555 1724 abiit

146 1750 329 1789 occidere
371 1750 676 1799 Alexandrum3
722 1752 879 1790 mixtus
923 1750 1125 1789 militibus
1169 1751 1253 1789 suis
1298 1751 1417 1790 stetit
1460 1755 1555 1802 post

146 1820 308 1865 tergum
339 1815 584 1864 Alexandri3
616 1817 839 1867 evaginato
869 1816 1006 1866 gladio
1038 1821 1126 1855 tam
1158 1816 1321 1854 fortiter
1351 1816 1555 1866 percussit
1575 1826 1613 1852 25

147 1884 275 1930 eaput·
307 1880 405 1928 eius,
439 1881 510 1932 qui
541 1886 582 1919 et
615 1881 775 1931 galeam
808 1881 1081 1919 transforavit
1114 1886 1155 1919 et
1188 1886 1316 1931 caput
1348 1881 1434 1919 eius
1466 1881 1554 1919 vul-

146 1944 323 1983 neravit.
373 1944 611 1996 Statimque
636 1945 1003 1997 apprehenderunt
1029 1959 1124 1985 eum
1151 1945 1303 1984 milites
1327 1945 1554 1984 Alexandri

146 2015 187 2048 et
218 2013 459 2048 statuerunt
489 2010 604 2049 illum
636 2015 733 2049 ante
764 2024 872 2049 eum.
932 2011 1004 2049 Cui
1037 2010 1143 2049 dixit
1174 2011 1429 2049 Alexander:
1491 2010 1554 2059 „O

149 2079 314 2112 strenue
352 2074 427 2122 vir,
466 2075 565 2126 quid
603 2080 665 2114 est
702 2074 779 2114 hoc
796 2076 839 2114 9⁵⁶
913 2076 986 2114 Cui
1026 2076 1149 2114 Persa
1186 2075 1390 2114 barbarus
1427 2075 1552 2114 dixit:

148 2139 238 2187 „Ne
278 2139 444 2178 estimes
483 2152 560 2188 me,
601 2140 853 2188 dominator,
895 2140 1169 2179 Macedonam
1208 2153 1307 2188 esse,
1349 2140 1419 2179 sed
1460 2140 1552 2179 Per·
1574 2144 1613 2171 30

149 2216 302 2242 sarum.
351 2203 406 2242 Et
430 2217 503 2255 ego
528 2205 699 2256 promisi
727 2205 851 2244 Dario
877 2205 1029 2253 venire,
1056 2205 1234 2244 aufferre
1260 2210 1387 2256 caput
1412 2210 1553 2253 tuum3

148 2268 375 2319 spopondit
400 2269 509 2307 enim
535 2269 637 2308 mihi
663 2270 761 2309 dare
789 2271 828 2308 in
856 2270 1045 2320 coniugio
1074 2270 1203 2309 filiam
1230 2283 1349 2309 suam
1374 2274 1415 2309 et
1441 2282 1554 2320 rega·

240 2353 260 2384 9
295 2350 396 2385 Bene
430 2361 488 2385 me
521 2352 620 2386 conf.
665 2354 756 2387 etc:
788 2352 1039 2393 Undeutlich3
1084 2354 1133 2388 A:
1159 2352 1275 2393 καλάς
1302 2365 1371 2396 μοι
1397 2352 1555 2391 ἐλπίδας

146 2398 334 2442 παρέχετε
349 2408 413 2442 της
428 2398 544 2470 νίκης,
562 2403 674 2434 τοῦτο
689 2400 843 2444 ἔχοντες
856 2400 951 2433 κατὰ
967 2400 1124 2444 γνώμην
1143 2400 1347 2444 ηττημένοι
1368 2400 1552 2444 ὑποστρα-

149 2478 273 2519 φῆναι.
295 2494 330 2497 -
348 2476 392 2508 10
414 2475 591 2518 cogitatis
613 2475 681 2509 Ba.
706 2497 741 2500 —
762 2478 805 2510 13
820 2476 931 2510 Unde
950 2486 1057 2510 vzero
1082 2486 1109 2509 5.
1128 2475 1225 2510 Einl
1251 2478 1308 2510 10.
1332 2496 1368 2500 —
1388 2478 1432 2510 19
1448 2475 1552 2509 Prin-

147 2522 248 2565 cipes
389 2521 574 2565 quinque:
611 2522 706 2556 fehlt
739 2523 776 2556 in
801 2534 849 2563 ω;
879 2533 950 2557 nur
979 2524 1033 2557 Al
1051 2523 1120 2567 By.
1151 2544 1187 2546 —
1213 2525 1256 2556 21
1288 2524 1326 2557 et
1348 2523 1486 2558 acriter
1515 2523 1552 2556 in

147 2569 284 2603 Rasur.
314 2589 350 2592 -—
373 2570 416 2603 23
439 2570 588 2603 vestem
624 2580 742 2604 verm
766 2570 837 2609 La;
866 2579 893 2603 S.
923 2569 1014 2604 aber
1042 2570 1179 2604 Rhein.
1208 2570 1304 2604 Mus.
1337 2571 1444 2612 1912,
1483 2570 1551 2604 205

145 2616 224 2650 und
242 2615 338 2650 oben
357 2614 395 2649 S.
412 2617 469 2657 73,
484 2617 529 2650 13
542 2616 621 2650 und
636 2619 694 2659 79,
710 2621 751 2651 11
777 2638 811 2641 -
831 2619 874 2651 24
890 2617 1055 2651 mixtum
1070 2617 1143 2658 Ba,
1158 2617 1304 2651 mixtus
1318 2617 1370 2651 La
1385 2616 1482 2651 nach
1499 2616 1549 2650 21¹.
