1778 2875
679 171 716 175 Q
772 151 840 185 119
898 172 934 175 -

216 261 270 299 Et
310 261 397 299 vidi
436 261 589 300 iterum
629 261 754 300 aliam
795 261 1011 312 caliginem
1052 266 1094 300 et
1135 261 1345 313 quendam
1386 262 1510 301 deum

104 325 320 364 sedentem
350 326 391 364 in
421 325 533 365 sedio
562 326 689 377 regali
718 330 760 365 et
789 326 896 365 dixit
925 325 1044 365 mihi:
1105 326 1249 378 „Quid
1279 331 1343 365 est
1371 325 1449 365 hoe
1464 327 1508 365 ?“

106 390 354 441 adiungens:
401 391 644 439 „Nativitas
678 403 770 429 sum
803 403 876 441 ego
901 391 1116 430 deorum.“
1163 391 1269 442 Ego:
1317 391 1401 439 „Te
1425 392 1512 431 vidi

106 455 148 493 in
177 459 288 495 terra
318 455 460 494 Libiae
490 459 533 493 eb
561 455 685 494 modo
715 453 797 493 huc
826 468 912 494 esse
942 455 1137 494 videris.“
1196 455 1271 494 Cui
1300 468 1374 506 ego
1405 456 1509 495 dixi:

106 520 171 569 „O
198 519 374 571 Serapis,
399 519 464 559 dic
486 519 600 568 mihi,
626 524 808 570 quantos
829 532 960 558 annos
983 519 1120 558 adhuc
1143 520 1330 559 victurus
1354 533 1445 558 sum
1462 521 1505 559 ?‘''
1527 530 1545 557 5

108 584 164 623 Et
184 585 268 624 ille:
311 585 461 633 „Hane
482 597 664 632 causam,
689 597 816 635 quam
837 584 1080 635 interrogaS,
1103 589 1284 635 oportet,
1307 589 1353 623 ut
1375 585 1511 624 nullus

105 650 348 689 mortalium
375 661 467 688 eam
496 649 612 697 sciat,
643 649 753 700 quia,
784 649 815 687 si
844 649 1058 699 cognitum
1088 649 1213 688 fuerit
1240 648 1399 688 homini
1427 650 1512 689 dies

106 715 253 753 mortis
292 727 402 761 suae,
442 718 564 752 tanta
601 713 819 752 tribulatio
859 713 1011 752 accidit
1049 714 1098 762 ei⁷
1139 714 1256 765 quasi
1296 715 1409 753 omni
1448 715 1512 753 die

105 779 321 818 moriatur.
382 778 678 817 Fabricaturus
709 778 785 817 eris
817 778 1033 817 civitatem
1064 779 1374 830 pergloriosam,
1407 792 1512 830 quae

107 849 247 883 exstat
278 844 319 882 in
350 848 441 882 toto
472 843 643 882 mundo.
706 843 877 881 Plurimi
909 844 1018 882 enim
1050 844 1323 894 imperatores
1355 857 1512 895 pugna-

107 909 191 947 turi
222 913 319 947 sunt
351 921 455 956 eam,
489 908 559 947 sed
591 908 728 947 nullus
760 907 817 946 ibi
849 908 1003 959 aliquid
1039 921 1183 947 nocere
1216 909 1384 960 poterit.
1449 909 1511 947 Ibi

107 979 149 1012 et
179 972 451 1012 fabricabitur
482 973 716 1024 sepulcrum
747 978 882 1021 tuum,
914 973 984 1012 ubi
1013 974 1263 1012 recondetur
1293 979 1335 1013 et
1366 987 1514 1025 corpus

108 1038 271 1077 tuum.“
332 1038 485 1076 Exiens
516 1038 610 1076 inde
640 1038 757 1076 venit
789 1038 840 1077 ad
872 1038 1024 1077 milites
1056 1052 1151 1077 suos
1181 1044 1221 1077 et
1253 1039 1387 1077 movit
1420 1039 1512 1077 inde

106 1103 335 1142 exercitum
367 1115 500 1141 suum.

215 1168 278 1206 25.
307 1167 550 1218 Applioavit
578 1168 629 1206 ad
658 1168 905 1216 Amazones,
935 1168 1113 1219 dirigens
1135 1169 1191 1207 eis
1212 1169 1340 1207 talem
1362 1169 1513 1219 episto-

108 1232 190 1272 lam
228 1246 236 1270 ε
271 1232 389 1281 „Rex
420 1232 656 1271 Alexander
688 1233 738 1271 ad
772 1234 1005 1271 Amazones
1035 1233 1248 1284 gaudium.
1311 1233 1512 1283 Pugnam.

107 1310 234 1348 quam
267 1297 391 1336 Dario
423 1298 608 1345 fecimus,
642 1298 860 1345 credimus⁷
893 1299 990 1349 quia
1022 1311 1103 1337 non
1135 1304 1197 1337 ost
1228 1298 1347 1337 vobis
1378 1299 1513 1349 incog-

108 1362 209 1410 nita,
237 1367 279 1401 et
305 1362 411 1400 sicut
437 1363 718 1413 pugnavimus
748 1363 910 1401 Indiam
938 1368 1065 1414 atque
1093 1363 1194 1402 alias
1221 1369 1377 1413 gentes,
1407 1376 1512 1414 quae

107 1427 294 1466 resistere
335 1426 454 1466 nobis
495 1427 737 1466 nullomodo
768 1433 1011 1479 potuerunt.
1077 1429 1343 1479 Quapropter
1374 1428 1513 1466 scribi-

107 1504 200 1530 mus
225 1491 356 1540 vobis,
385 1496 431 1530 ut
457 1492 704 1543 persolvatis
731 1493 849 1531 nobis
876 1493 1037 1540 datum,
1066 1493 1163 1544 quia
1189 1506 1272 1532 non
1299 1493 1514 1532 veniemus

110 1569 230 1607 super
261 1569 336 1595 vos
368 1556 535 1608 aliquod
569 1558 727 1596 malum
761 1558 906 1605 facere,
941 1558 1010 1597 sed
1043 1558 1188 1597 bene.“

206 1621 270 1660 Ad
287 1620 387 1660 haee
403 1623 603 1673 rescripta
620 1627 717 1661 sunt
733 1622 852 1661 haec:
873 1623 1146 1671 „Amazones‚
1164 1621 1515 1676 potentissim[a]e

109 1691 236 1737 atque
291 1687 480 1725 fortiores
534 1687 727 1726 omnibus
783 1688 953 1730 militiis,
1009 1688 1247 1727 Alexandro
1302 1688 1514 1739 gaudium.

112 1751 358 1802 Scripsimus
400 1756 441 1790 et
483 1752 824 1803 signivicavimus
866 1752 955 1800 tibi,
1000 1758 1059 1801 ut7
1103 1758 1331 1804 antequam
1374 1753 1516 1791 venias

108 1816 149 1854 in
177 1816 280 1855 fines
305 1821 482 1865 nostras,
511 1818 678 1867 cogites,
709 1818 918 1868 quomodo
946 1819 1101 1865 venias,
1131 1832 1180 1856 ne
1209 1819 1313 1856 forte
1343 1818 1514 1868 patiaris

111 1881 428 1932 turpitudinem.
482 1882 608 1929 Scias,
638 1883 735 1933 quia
761 1881 970 1921 habitatio
998 1888 1141 1921 nostra
1168 1888 1229 1921 est
1258 1883 1367 1921 ultra
1396 1883 1517 1921 fluvi-

109 1958 180 1983 um
214 1945 255 1984 in
291 1946 473 1996 quadam
509 1947 655 1995 insula,
693 1948 859 1998 cingens
894 1960 986 1986 eam
1022 1948 1063 1986 in
1098 1948 1184 1998 giro
1219 1948 1305 1999 ipse
1342 1948 1515 1995 fluvius3

110 2015 151 2048 ot
176 2023 309 2061 neque
335 2011 501 2050 initium
526 2025 660 2063 neque
688 2012 814 2051 finem
840 2011 969 2051 habet
995 2018 1035 2051 et
1061 2026 1110 2051 ex
1138 2025 1222 2051 una
1248 2017 1366 2064 parte
1392 2012 1517 2051 habe-

110 2087 204 2113 mus
230 2081 456 2126 angustum
485 2077 717 2115 introitum.
774 2077 827 2115 Et
857 2090 999 2115 sumus
1027 2090 1199 2116 numero
1228 2077 1517 2116 habitancium

203 2149 222 2180 4
244 2145 319 2180 huc
337 2146 436 2180 korr.
455 2146 511 2181 Ba
534 2147 569 2181 in
596 2147 672 2188 hic3
697 2147 772 2182 hue
789 2148 845 2185 21¹:
870 2148 930 2181 liic
946 2148 1010 2181 La.
1037 2169 1071 2171 —
1093 2152 1108 2183 7
1128 2158 1211 2182 eam
1232 2148 1289 2189 313
1309 2148 1426 2182 durch
1442 2148 1517 2181 Ra-

108 2203 173 2226 sur
195 2193 233 2226 in
258 2192 312 2227 Ba
335 2193 481 2237 getilgt.
508 2215 543 2218 —
568 2198 588 2229 9
620 2195 895 2229 Fabricaturus
917 2195 1005 2229 eris:
1032 2196 1174 2235 κτίσεις
1203 2196 1236 2229 A
1254 2195 1283 2228 B
1303 2196 1347 2236 C;
1377 2195 1518 2234 κτίζεις

111 2240 140 2273 L
169 2239 221 2284 Sy
249 2240 320 2280 Ar3
374 2242 505 2281 κτίσας
559 2242 619 2286 By
664 2242 733 2276 Va.
812 2242 906 2276 Eine
952 2242 1058 2276 nicht
1110 2242 1402 2276 einleuchtendc
1450 2242 1517 2277 Er—

109 2286 272 2330 klarung
317 2287 382 2321 des
427 2288 637 2323 Futurums
681 2289 740 2323 bei
787 2288 959 2330 Ausfeld,
1006 2290 1134 2333 Progr.
1173 2292 1263 2323 ‘1894
1316 2290 1351 2323 S.
1389 2292 1448 2330 32,
1485 2292 1517 2323 1.

111 2333 303 2368 Vielmehr
331 2334 479 2369 scheint
511 2335 578 2370 das
602 2336 793 2370 Futurum
824 2337 861 2370 in
893 2336 1015 2370 dieser
1040 2337 1206 2380 Episode
1238 2335 1516 2380 ursprunglich.

114 2382 222 2414 Denn
248 2380 307 2415 die
336 2381 743 2427 Kandakegesehichte
769 2384 818 2418 ist
843 2384 903 2417 ein
929 2386 1112 2427 spaterer,
1139 2394 1186 2417 an
1213 2383 1377 2418 salscher
1403 2383 1519 2418 Stelle

110 2429 362 2471 eingesetzter
390 2429 584 2464 Einschuh
613 2430 678 2464 des
705 2430 965 2474 griechischen
993 2431 1176 2464 Romans.
1232 2431 1284 2464 Er
1310 2430 1446 2474 gehort
1474 2441 1518 2464 zu

114 2475 126 2508 l
157 2477 202 2509 30
220 2474 281 2509 sl'.:
333 2474 418 2509 'Yon
446 2477 647 2520 Aegypten
676 2487 745 2511 aus
773 2477 873 2511 Jieht
901 2477 1120 2511 Alexander
1149 2477 1243 2512 nach
1274 2477 1518 2521 Aethiopien,

111 2522 146 2555 d.
166 2522 202 2555 h.
222 2521 300 2555 also
319 2522 415 2556 noch
434 2533 514 2556 vor
534 2523 749 2567 Gri'indung
766 2524 832 2558 der
851 2524 977 2558 Stadt.
1019 2546 1053 2548 —
1092 2528 1130 2558 ‘ll
1154 2524 1223 2559 ihi:
1244 2524 1292 2558 illi
1313 2535 1431 2558 verm.
1453 2524 1517 2558 La.

210 2571 270 2605 25.
291 2569 346 2612 [Ζ1
371 2571 454 2610 206,
471 2571 628 2613 6-207,
645 2573 767 2613 25J19
793 2571 901 2605 Nach
922 2574 1133 2615 potuerunt
1156 2572 1246 2605 wird
1271 2573 1308 2605 in
1333 2586 1363 2607 ω
1386 2571 1521 2614 (ausser

111 2616 152 2659 C)
186 2616 284 2650 auch
316 2616 382 2650 der
413 2616 492 2660 Zug
523 2627 567 2651 zu
600 2617 672 2652 den
705 2617 949 2652 Brahmanen
983 2618 1168 2653 erwahnt.

1537 854 1572 880 10

1538 919 1562 944 Β
1588 918 1680 944 21621

1538 1179 1572 1205 15

1536 1817 1574 1843 25
