1778 2875
77 1289 135 1316 102
156 1290 177 1315 L

147 1419 183 1445 10

36 1490 60 1516 Β
85 1489 146 1516 210
161 1491 179 1516 (l

149 1739 183 1765 15

146 2069 186 2096 20

725 685 869 734 Liber
906 686 1083 735 tertius

310 830 343 868 1.
396 829 450 868 Et
476 842 570 868 cum
597 830 795 878 audisset,
824 830 934 881 quod
963 831 1105 878 Porus,
1136 830 1335 869 Indorum
1361 844 1446 879 rex,
1475 831 1609 870 venis—

201 899 264 933 set
285 894 326 933 in
349 894 605 933 adiutorium
631 895 745 933 Darii
766 895 884 945 regis,
908 896 1045 946 coepit
1067 896 1123 933 ire
1147 900 1292 934 contra
1314 908 1409 934 eum
1432 895 1473 934 in
1498 895 1608 934 Indi-

201 972 268 998 am
298 959 519 998 ambulans
548 972 619 1010 per
648 960 874 1010 spatiosam
906 964 1060 998 terram
1090 960 1311 1008 desertam⁷
1343 965 1383 999 et
1412 961 1609 999 transivit

201 1037 272 1075 per
300 1024 477 1063 flumina
506 1024 709 1076 inaquosa
738 1029 780 1063 et
808 1038 880 1075 per
909 1024 1031 1063 colles
1061 1038 1307 1064 cavernosos
1336 1029 1378 1063 et
1407 1025 1610 1075 fatigatus

203 1093 266 1128 est
294 1102 377 1128 una
405 1102 499 1128 cum
528 1089 732 1128 militibus
761 1090 856 1138 suis,
888 1090 957 1141 qui
987 1090 1113 1128 etiam
1143 1102 1285 1129 omnes
1314 1090 1519 1141 principes
1548 1090 1609 1128 sui

203 1153 399 1193 dicebant
439 1155 512 1193 sic:
592 1154 804 1203 ‚‚Sufficit,
846 1155 943 1206 quia
983 1155 1173 1193 venimus
1212 1155 1439 1206 pugnando
1479 1167 1611 1206 usque

204 1219 436 1268 Persidam3
464 1219 780 1270 subiugavimus
807 1224 949 1258 autem
979 1220 1165 1268 Darium,
1193 1220 1263 1271 qui
1290 1224 1416 1259 antea
1442 1232 1611 1259 censum

205 1283 381 1323 tollebat
410 1284 720 1323 Macedonibus.
783 1285 889 1336 Quid
921 1284 1175 1333 deficiemus,
1207 1284 1416 1336 querendo
1447 1284 1611 1323 Indiam

203 1350 243 1388 in
280 1349 392 1397 locis,
420 1350 461 1388 in
494 1349 647 1401 quibus
668 1349 827 1388 bestiae
849 1349 1062 1397 habitant,
1085 1354 1126 1388 et
1148 1349 1435 1388 obliviscimur
1456 1354 1610 1388 terram

207 1415 425 1453 nostram?
486 1414 563 1453 Hic
592 1415 829 1453 Alexander
859 1414 959 1453 nihil
990 1414 1101 1453 aliud
1133 1419 1255 1465 optat
1286 1415 1418 1453 facere
1448 1414 1527 1452 nisi
1557 1414 1613 1452 ire

207 1479 420 1530 preliando
445 1484 487 1518 et
510 1479 772 1530 subiugando
797 1479 872 1518 sibi
896 1484 1052 1530 gentes.
1100 1480 1184 1517 Nos
1208 1479 1475 1517 dimittamus
1497 1491 1612 1526 eum;

204 1543 267 1583 ille
297 1548 378 1593 eat⁷
411 1557 492 1596 quo
522 1544 656 1584 vult.“

311 1610 489 1648 Audivit
514 1609 590 1648 hoc
614 1610 865 1657 Alexander,
893 1610 1010 1648 stetit
1035 1609 1225 1660 dixitque
1251 1609 1463 1647 omnibus:
1514 1609 1614 1657 „Se—

208 1675 412 1725 paramini
456 1674 704 1721 abinvicem,
751 1675 893 1713 Perses
936 1675 976 1712 in
1010 1687 1093 1712 una
1127 1679 1257 1725 parte,
1292 1673 1540 1712 Macedones
1573 1678 1616 1711 et

211 1740 329 1779 Greci
355 1741 392 1778 in
425 1740 540 1778 aliaf‘
594 1740 768 1778 Intuens
793 1744 936 1778 autem
962 1739 1209 1778 Macedones
1235 1752 1281 1777 ac
1310 1739 1462 1777 Grecos
1488 1738 1612 1777 dixit:

208 1805 270 1853 „O
306 1818 348 1843 es·
370 1805 610 1843 nmilitones
645 1805 725 1843 mei
760 1805 1007 1843 Macedones
1042 1809 1083 1843 et
1120 1804 1251 1851 Greci,
1290 1804 1513 1851 Pers(id)es
1548 1803 1616 1841 isti

208 1870 402 1908 contrarii
424 1875 522 1908 sunt
541 1869 643 1908 mihi
662 1875 704 1909 et
724 1869 856 1908 vobis.
897 1869 939 1908 Si
959 1869 1157 1920 posuistis
1176 1869 1216 1907 in
1238 1868 1431 1907 cordibus
1452 1867 1614 1915 vestris,

208 1940 255 1974 ut
291 1935 554 1974 contrairetis
589 1933 704 1983 mihi,
741 1935 872 1973 redite
908 1939 1150 1985 postergum
1187 1938 1228 1972 et
1264 1934 1319 1971 ite
1355 1933 1396 1971 in
1433 1933 1616 1983 patriam

208 2004 405 2039 vestram.
460 2000 618 2038 Tamen
646 2000 923 2038 recordamini
951 1993 1042 2052 hoe,
1073 1999 1169 2050 quia
1198 2003 1239 2037 et
1268 1998 1370 2037 istos
1399 1998 1508 2036 solus
1537 1997 1617 2035 vici

210 2070 264 2113 et,
295 2064 546 2116 ubicumque
574 2065 656 2103 iero
686 2065 818 2103 faeere
846 2077 1030 2115 pugnam
1059 2076 1152 2102 cum
1179 2063 1382 2111 barbaris,
1411 2061 1617 2113 superabo

209 2130 310 2168 illos.
377 2130 534 2169 Scitote
567 2130 747 2178 interim,
782 2130 893 2180 quia,
927 2128 1096 2180 quando
1129 2128 1371 2166 consiliatus
1404 2140 1495 2166 sum
1527 2139 1616 2174 vos,

210 2192 507 2248 confortat[a]e
543 2199 640 2233 sunt
676 2195 838 2233 animae
874 2198 1050 2242 vestrae,
1087 2192 1256 2244 quando
1291 2192 1482 2231 venimus
1516 2204 1618 2243 pug—

209 2260 350 2298 naturi
373 2259 414 2298 in
439 2272 600 2310 campo.
650 2259 863 2310 Numquid
889 2271 971 2297 non
998 2258 1095 2297 steti
1119 2270 1193 2308 ego
1218 2257 1328 2296 solus
1352 2262 1450 2296 ante
1474 2268 1618 2294 omnes

210 2329 252 2363 et
284 2324 393 2362 solus
426 2337 499 2375 pro
533 2324 726 2362 omnibus
758 2324 975 2375 pugnavi?
1039 2322 1253 2373 Numquid
1286 2334 1369 2360 non
1402 2334 1475 2372 ego
1508 2320 1618 2360 solus

312 2458 343 2490 1.
365 2455 422 2497 [Zi
446 2457 529 2496 199,
551 2456 734 2495 10-201,
751 2455 813 2496 21]
839 2456 884 2488 20
906 2453 1010 2487 hiero
1037 2452 1107 2486 mit
1133 2452 1410 2486 ausradiertem
1436 2451 1459 2484 h
1482 2450 1550 2485 Ba.
1580 2469 1614 2473 -

210 2505 256 2538 20
280 2502 496 2547 superando
523 2502 597 2543 Ba;
622 2501 811 2545 superabo
837 2511 955 2535 verm.
980 2499 1078 2534 Ausf
1103 2499 1155 2533 La
1180 2499 1276 2533 nach
1305 2498 1356 2533 J1.
1400 2519 1435 2522 —
1469 2500 1510 2532 21
1541 2497 1617 2531 Sci-

212 2552 293 2585 tote
314 2552 404 2584 eto:
437 2550 476 2583 ἓν
504 2549 574 2592 γάρ
611 2561 691 2593 μου
729 2548 852 2592 σοφὸν
877 2547 1079 2592 βούλευμα
1107 2546 1205 2590 πρὸς
1231 2546 1359 2590 μάχην
1392 2546 1459 2585 τὰς
1486 2544 1619 2589 ψυχὰς

213 2598 326 2643 ὑμῶν
353 2596 528 2631 ἁπάντων
554 2596 766 2640 ἐθράσυιέν
798 2596 842 2629 A.
