1778 2875
709 178 940 210 ῄ99,

124 292 169 326 tu
199 287 248 326 de
281 287 456 338 Filippo,
490 287 653 326 Roxani
683 287 732 326 de
764 287 933 326 Dario.“
992 286 1106 326 Haec
1136 286 1299 326 dicente
1331 286 1457 325 Dario
1487 286 1528 325 in

122 351 316 391 manibus
348 351 575 391 Alexandri
607 351 746 390 emisit
778 351 984 402 spiritum.

231 417 294 456 21.
380 416 617 455 Secundum
659 428 817 455 morem
859 415 1116 466 imperialem
1159 416 1396 467 composuit
1437 416 1529 454 Ale-

126 481 282 520 xander
315 494 464 532 corpus
497 481 583 520 eius
615 485 657 519 et
689 493 784 519 cum
817 493 968 531 magno
1002 480 1202 531 obsequio
1235 480 1531 520 antecedentes

125 546 160 585 ei
180 546 332 585 armati
352 545 598 585 Macedones
618 549 660 584 et
680 545 834 584 Perses.
872 545 1108 583 Alexander
1128 549 1271 583 autem
1292 558 1530 596 supponens

126 610 277 650 collum
302 623 423 649 suum
448 610 635 661 portavit
659 610 813 648 lectum
839 609 946 648 illius
971 622 1054 648 una
1079 622 1173 648 cum
1199 609 1345 648 Persis,
1394 610 1531 649 Plora-

125 676 230 715 bant
256 676 366 714 enim
393 675 534 714 Perses
561 687 644 713 non
671 679 841 713 tantum
868 687 942 725 pro
968 679 1103 712 morte
1132 671 1296 727 [Darii]‚
1325 679 1532 726 quantum

127 753 200 791 pro
230 740 387 792 pietate
415 739 642 778 Alexandri
671 744 711 778 et
741 739 991 790 sepelierunt
1019 751 1127 777 eum.

234 805 338 844 Cum
383 809 525 843 autem
570 804 811 855 sepelissent
855 816 949 843 eum
995 804 1032 842 in
1082 804 1284 855 imperiali
1330 804 1530 855 sepulcro,

128 869 210 908 tale
248 870 432 908 edictum
470 869 586 908 dedit
623 869 858 908 Alexander
898 869 1048 907 Persis:
1125 869 1245 917 „Rex
1283 869 1532 918 Alexander,

129 934 238 973 filius
262 934 479 973 Ammonis
511 934 575 972 dei
607 938 649 972 et
674 933 920 984 Olimpiadis
952 934 1129 983 reginae,
1164 933 1357 973 omnibus
1389 934 1534 973 civita-

130 998 243 1038 tibus
279 998 341 1037 his
377 1003 418 1037 et
454 998 617 1049 populis
656 999 873 1037 Persarum
911 999 1092 1049 precipio
1129 997 1225 1037 hoc:
1300 998 1535 1038 Gauderem

131 1064 289 1115 utique,
313 1064 345 1102 si
367 1068 512 1102 tantus
535 1062 598 1102 hic
622 1076 704 1102 non
727 1064 945 1102 defecisset
967 1063 1165 1114 populus3
1189 1063 1258 1101 sed
1283 1064 1379 1115 quia
1402 1064 1535 1102 voluit

131 1129 231 1168 deus
239 1129 423 1167 Ammon
439 1128 690 1167 constituere
704 1141 769 1166 me
781 1128 1039 1167 victorialem
1052 1127 1359 1182 [inJPersidam,
1370 1134 1536 1179 oportet

131 1206 195 1233 me
217 1193 366 1232 referre
389 1193 465 1231 diis
488 1194 655 1243 gratias.
699 1193 802 1231 Volo
826 1193 1005 1241 interim,
1030 1199 1077 1232 ut
1100 1207 1170 1244 per
1193 1206 1535 1245 unamquamque

133 1258 347 1297 civitatem
388 1258 471 1296 sint
511 1258 716 1309 principes
756 1263 935 1296 rectores
976 1259 1082 1297 sis-ut
1123 1258 1381 1310 temporibus
1425 1259 1537 1297 Darii

132 1323 236 1373 regis
272 1328 313 1361 et
348 1322 580 1362 oboediatis
615 1323 684 1361 eis,
756 1323 1052 1375 Unusquisque
1089 1322 1212 1362 homo
1249 1324 1289 1361 in
1326 1328 1536 1375 potestate

133 1401 207 1427 sua
235 1387 390 1427 habeat
419 1388 720 1439 proprietatem
749 1401 880 1427 suam.
938 1388 1089 1427 Omnia
1119 1401 1233 1427 arma
1270 1389 1450 1439 precipio
1493 1394 1538 1427 ut

132 1453 412 1491 recondantur
436 1453 475 1491 in
501 1452 694 1491 domibus
718 1453 936 1503 regalibus.
981 1453 1085 1493 Volo
1120 1453 1311 1505 denique,
1348 1459 1395 1492 ut
1428 1453 1538 1492 locu-

134 1517 220 1568 ples
243 1522 285 1556 et
308 1517 418 1556 omni
443 1516 552 1556 bono
577 1518 629 1556 sit
654 1518 774 1568 plena
793 1518 893 1556 haec
910 1523 1033 1567 terra,
1055 1523 1096 1557 et
1113 1517 1190 1557 hoc
1208 1518 1402 1570 precipio,
1422 1523 1469 1557 ut
1486 1518 1538 1557 ab

135 1582 213 1621 hac
241 1582 451 1633 provintia
479 1583 646 1621 Persida
675 1588 715 1621 et
745 1596 874 1634 usque
905 1583 1051 1622 Ellada
1080 1584 1213 1622 omnis
1242 1584 1318 1621 iter
1346 1588 1539 1634 apertum

138 1647 203 1695 sit,
241 1651 288 1685 ut
324 1652 469 1686 euntes
505 1652 546 1686 et
582 1648 803 1687 redeuntes
840 1661 934 1687 cum
970 1649 1145 1699 negotiis
1182 1648 1282 1687 nihil
1322 1649 1539 1699 paciantur

136 1711 247 1750 mali.
305 1712 384 1763 Qui
410 1725 507 1751 vero
535 1712 765 1751 vindictam
794 1713 981 1751 fecerunt
1008 1713 1057 1751 de
1084 1713 1251 1752 inimico
1277 1726 1369 1751 meo
1400 1713 1538 1762 Dario,

137 1776 352 1823 accedant,
389 1781 437 1815 ut
473 1777 637 1816 videam
674 1777 763 1816 illos
799 1783 841 1816 et
877 1778 1047 1828 dignum
1084 1777 1284 1816 honorem
1320 1777 1540 1816 exhibeam

137 1841 207 1890 eis,
250 1841 347 1892 quia
387 1841 545 1880 bonum
588 1843 807 1881 servicium
852 1843 1037 1881 fecerunt
1079 1842 1192 1881 mihi.
1280 1843 1540 1894 Quicumque

139 1905 355 1945 occidisset
381 1919 475 1945 eum
502 1907 587 1945 sive
614 1907 786 1946 Macedo
814 1921 883 1946 seu
912 1908 1070 1955 Persas,
1098 1908 1241 1947 veniat
1267 1908 1319 1947 ad
1347 1921 1412 1946 me
1438 1907 1540 1946 nihil

139 1969 350 2009 dubitans.
427 1972 501 2010 Per
540 1972 853 2022 potentissimos
892 1973 989 2011 deos
1028 1973 1116 2011 iuro
1155 1978 1197 2011 et
1235 1986 1306 2024 per
1345 1973 1542 2012 dilectam

139 2039 316 2074 matrem
347 2035 637 2087 Olimpiadem,
669 2037 766 2088 quia
796 2037 1118 2089 preclarissimos
1148 2042 1275 2089 atque
1304 2038 1542 2089 potentissi-

139 2112 230 2139 mos
260 2100 349 2138 illos
381 2100 485 2139 facio
516 2101 623 2140 inter
654 2114 797 2141 omnes
828 2101 1057 2141 l·1omines.“

247 2164 401 2203 Taliter
440 2165 504 2204 ille
544 2166 718 2205 iurando
759 2167 892 2205 omnis
932 2167 1110 2218 populus
1150 2167 1269 2206 flevit
1309 2167 1540 2206 Persarum.

143 2229 398 2280 Iniquissimi
432 2235 473 2269 et
505 2229 773 2284 homicid[a]e
801 2232 932 2282 Bysso
967 2236 1009 2271 et
1033 2231 1319 2281 Ariobarzani,
1354 2231 1543 2271 interfec-

142 2298 251 2332 tores
266 2293 393 2343 Darii,
413 2295 639 2335 astiterunt
651 2296 886 2336 voluntarie
906 2301 1003 2336 ante
1023 2309 1117 2336 eum
1137 2297 1340 2336 dicentes:
1373 2297 1543 2346 „Domi-

142 2363 277 2406 nator,
294 2371 369 2397 nos
384 2371 526 2398 sumus
541 2359 596 2409 hi,
614 2361 684 2412 qui
701 2361 926 2400 occidimus
945 2362 1131 2410 Darium,
1148 2362 1363 2401 inimicum
1379 2362 1542 2400 tuum.“

149 2423 241 2474 Quo
277 2423 423 2462 audito
458 2424 556 2463 fecit
590 2438 659 2464 eos
693 2425 1002 2477 apprehendere
1038 2439 1085 2465 ac
1120 2426 1236 2477 ligari
1271 2431 1313 2465 et
1347 2426 1443 2465 duci
1477 2438 1546 2465 eos

242 2524 303 2558 21.
326 2523 483 2566 [Ζί196,
500 2526 658 2567 8—198,
677 2527 738 2568 11]
772 2530 788 2562 7
816 2526 939 2561 Darii:
973 2537 1047 2571 erg.
1068 2526 1166 2561 Ausi*
1197 2526 1294 2561 nach
1314 2526 1354 2561 .Ι1
1385 2526 1465 2561 und
1484 2526 1543 2561 Ps.

150 2621 186 2624 -
230 2601 276 2633 10
307 2578 453 2634 dictum
479 2599 553 2642 Ba;
591 2600 657 2635 der
680 2601 796 2636 Erlass
831 2602 868 2636 in
906 2616 936 2637 ω
960 2602 1256 2645 ausfuhrlicher3
1283 2613 1344 2637 am
1369 2603 1545 2637 ausfuhr-

142 2647 304 2682 lichsten
329 2647 367 2681 in
391 2648 423 2681 A
442 2647 499 2681 Va
518 2647 570 2692 Sy
587 2648 650 2682 Ar.
702 2669 739 2672 —
787 2651 831 2683 14
857 2649 1035 2684 Persidae
1060 2650 1132 2692 La;
1156 2650 1256 2684 korr.
1282 2650 1340 2684 Pf.

1349 2732 1394 2758 7*

1559 816 1582 842 Β
1608 815 1703 844 210a

1558 881 1594 908 10

1560 1201 1594 1227 15

1562 1850 1600 1876 25

1564 1908 1622 1935 100
1648 1909 1671 1934 L

1563 2174 1603 2201 30

1570 2299 1594 2324 Β
1619 2297 1711 2324 210b
