1778 2875
20 1351 43 1376 Β

132 837 167 863 10

74 1097 114 1123 88
142 1098 163 1122 L

131 1157 164 1182 15

70 1351 128 1376 207
147 1358 162 1376 a

126 1480 165 1506 20

778 131 1006 163 -90-

198 240 289 288 Qua
318 237 418 276 hora
450 238 557 276 vidit
586 238 664 277 hoc
695 240 915 288 somnium⁷
947 240 1163 290 evigilavit
1183 246 1225 280 et
1244 242 1398 292 gaudio
1417 243 1599 294 repletus

192 303 468 354 recitavitque
500 302 599 341 illud
634 304 776 342 amicis
809 305 904 343 suis.
970 305 1268 357 Dederuntque
1300 307 1335 345 ei
1368 307 1597 357 consilium,

193 373 238 405 ut
268 368 327 406 ita
358 368 525 406 faceret.

300 433 361 470 14.
398 433 578 471 Vocavit
613 438 755 472 autem
792 434 1080 473 fidelissimum
1117 448 1238 474 suum
1274 440 1498 487 satrapem,
1535 438 1599 476 cui

191 510 343 536 nomen
378 497 561 546 Eumilo;
596 503 768 548 portans
801 511 941 538 secum
973 504 1056 538 tres
1090 500 1368 539 velocissimos
1401 501 1597 550 caballos,

192 574 320 600 unum
347 562 531 601 residens
559 563 644 613 ipse
672 568 714 602 et
741 563 869 602 alium
897 565 1088 615 princeps
1115 565 1304 614 miliciae,
1333 566 1483 605 tertius
1510 579 1598 617 per-

191 626 315 677 gebat
344 640 521 676 vacuus3
552 628 782 679 pergebant
811 629 936 667 ambo
965 634 1005 668 et
1038 629 1295 678 (h)abierunt
1324 630 1375 669 ad
1407 631 1597 680 fluvium,

191 692 261 743 qui
285 692 437 730 dicitur
465 692 656 743 Stragan.
706 693 789 731 Iste
814 694 969 732 fluvius
992 693 1160 733 hiemali
1184 700 1372 746 tempore
1396 696 1598 746 prenimio

189 757 281 807 gelu
311 757 505 807 coagulat
535 770 574 796 se
604 763 646 796 et
674 758 821 808 prebet
849 759 926 796 iter
955 759 1284 798 transeuntibus.
1340 760 1448 799 Tota
1476 765 1599 799 nocte

190 827 407 872 permanet
443 822 701 872 coagulatus,
737 836 859 861 mane
896 836 992 861 vero
1029 836 1122 862 cum
1158 824 1376 863 incaluerit
1411 825 1482 869 sol,
1519 825 1598 864 dis-

190 886 314 925 solvit
350 900 390 925 se
427 892 468 925 et
504 887 635 925 efficit
672 901 711 926 se
749 888 1122 938 profundissimum
1158 894 1213 937 et,
1252 890 1505 941 quicumque
1541 890 1599 929 ibi

189 952 394 1002 ingressus
430 952 567 999 suerit,
603 952 799 991 absorbet
834 966 941 991 eum.
1008 954 1112 992 Cum
1147 954 1329 993 venisset
1363 954 1599 994 Alexander

190 1017 239 1055 ad
278 1017 416 1068 ipsum
454 1017 631 1055 fluvium
668 1022 709 1055 et
746 1018 974 1056 invenisset
1009 1031 1104 1057 eum
1142 1019 1423 1069 coagulatum,
1461 1019 1599 1058 induit

191 1095 230 1120 se
266 1082 457 1132 figuram,
495 1095 622 1133 quam
656 1082 820 1121 viderat
854 1083 895 1121 in
930 1095 1087 1121 somno.
1156 1084 1389 1135 Principem
1423 1084 1598 1123 miliciae

190 1147 347 1185 dimisit
382 1146 437 1185 ibi
473 1160 566 1185 cum
601 1147 765 1185 duobus
800 1148 970 1186 caballis
1004 1153 1046 1187 et
1079 1149 1165 1199 ipse
1200 1162 1293 1187 cum
1329 1149 1489 1188 caballo
1525 1163 1598 1188 suo

191 1212 368 1250 transiit.
422 1212 524 1250 Erat
551 1213 661 1250 enim
688 1213 843 1251 fluvius
869 1213 909 1251 in
936 1213 1160 1252 latitudine
1188 1214 1310 1252 unius
1336 1214 1474 1253 stadii.
1528 1214 1598 1253 Sa-

190 1282 310 1327 trapa
349 1277 459 1315 enim
498 1277 613 1315 illum
645 1277 836 1327 rogabat⁷
876 1283 924 1316 ut
955 1278 1151 1317 transiret
1190 1292 1283 1317 cum
1323 1292 1383 1326 eo,
1424 1292 1474 1317 ne
1506 1292 1598 1318 eve-

191 1342 297 1380 niret
329 1342 385 1380 illi
417 1342 556 1392 aliqua
588 1343 794 1392 angustia.
855 1343 929 1382 Cui
961 1343 1086 1381 dixit:
1149 1344 1389 1394 „Exspecta
1420 1357 1486 1382 me
1517 1343 1596 1391 hic,

189 1407 286 1457 quia
306 1407 346 1445 in
367 1420 459 1445 meo
480 1407 688 1445 adiutorio
709 1408 850 1446 veniet
870 1407 948 1456 ille,
972 1408 1042 1459 qui
1063 1407 1163 1446 mihi
1184 1409 1421 1459 apparuit.“

295 1472 496 1522 Abiitque
522 1472 574 1510 ad
596 1477 761 1523 portam
786 1473 977 1511 Persidae
1000 1473 1197 1511 civitatis.
1234 1473 1434 1512 Videntes
1455 1479 1598 1513 autem

189 1549 283 1575 eum
314 1537 455 1575 Perses
495 1537 635 1575 mirati
675 1542 772 1576 sunt
806 1538 847 1576 in
886 1538 1019 1588 figura
1059 1538 1158 1586 eius,
1198 1538 1442 1577 estimantes
1482 1539 1597 1578 illum

189 1602 311 1640 deum
335 1615 433 1650 esse,
452 1602 815 1652 interrogaverunt
837 1616 950 1641 eum:
978 1601 1130 1655 [‚‚Quis
1144 1616 1184 1641 es
1200 1607 1245 1641 tu
1262 1601 1324 1655 iffi]
1345 1603 1595 1654 Respondit:

189 1667 505 1717 „Apoerisarius
534 1667 639 1717 regis
669 1668 897 1706 Alexandri
927 1669 1061 1706 sum.“
1119 1668 1235 1706 Tunc
1266 1668 1305 1706 in
1335 1673 1478 1707 monte
1509 1674 1594 1707 erat

192 1732 340 1770 Darius
372 1732 640 1771 vociferando
672 1738 713 1771 et
745 1733 1034 1783 congregando
1065 1732 1381 1771 multitudinem
1412 1732 1597 1772 hostium

148 1807 162 1822 ²
189 1802 229 1835 et
265 1801 543 1847 portaverunt
579 1810 674 1835 eum
714 1798 838 1836 Dario
873 1798 970 1847 regi.
1040 1798 1278 1848 Vidensque
1314 1811 1409 1836 eum
1448 1798 1597 1837 Darius

191 1862 384 1900 indutum
431 1867 591 1900 vestem
637 1862 950 1901 Macedonicam
997 1863 1190 1901 adoravit
1234 1875 1329 1901 eum
1376 1868 1423 1902 ut
1456 1863 1594 1904 deum.

188 1927 375 1976 cogitans
402 1927 518 1965 illum
545 1940 630 1965 esse
658 1926 856 1966 Mithram
883 1927 1008 1966 deum
1035 1927 1356 1966 descendentem
1383 1928 1433 1966 de
1460 1927 1594 1972 caelis,

187 1992 547 2042 interrogavitque
574 2005 687 2031 eum:
742 1993 877 2043 „Quis
904 2006 945 2031 es
972 1997 1018 2031 tu
1036 1993 1079 2030 9“
1131 1992 1204 2031 Cui
1232 1992 1314 2030 ille:
1368 1991 1596 2043 „Apochri-

187 2057 317 2094 sarius
347 2070 438 2095 sum
468 2057 573 2107 regis
595 2057 822 2095 Alexandri
851 2058 1000 2095 missus
1029 2057 1081 2095 ad
1112 2062 1165 2105 te7
1198 2057 1337 2095 dicens
1364 2057 1454 2105 tibi,
1478 2057 1593 2108 quia:

185 2119 376 2162 Ze'dmditru
421 2129 565 2162 ἑαυτοῦ
599 2128 759 2172 ἄγγελον
795 2129 982 2172 γενέσθαι.
1041 2129 1061 2161 o‘
1107 2128 1147 2161 δὲ
1181 2127 1292 2162 εἶπεν
1335 2129 1467 2172 αὐτῷ·
1504 2129 1595 2163 ἀλλὰ

186 2175 280 2209 θεοῦ
312 2175 461 2219 βοηθοῦ
496 2176 751 2220 τυγχάνοντος
786 2176 862 2209 κτλ.
897 2176 940 2209 In
971 2176 1029 2210 Va
1047 2176 1105 2219 By
1125 2176 1178 2209 Ar
1204 2176 1272 2209 wie
1300 2175 1357 2209 bei
1386 2176 1472 2209 Leo.
1508 2196 1543 2200 —
1574 2178 1594 2209 3

185 2224 227 2255 ut
254 2222 307 2256 ita
334 2222 494 2257 faceret:
522 2233 562 2256 so
589 2224 622 2257 A
640 2223 699 2266 By
717 2223 786 2263 Ar;
815 2223 869 2267 μὴ
896 2226 1053 2266 ποιῆσαι
1081 2222 1110 2256 Β
1130 2222 1156 2256 C
1175 2223 1214 2256 L.

287 2271 343 2304 14.
371 2270 428 2312 [Zi
462 2272 545 2311 184,
579 2271 737 2311 9—186,
762 2271 799 2311 4]
835 2272 853 2303 8
892 2271 1073 2313 Stragan:
1130 2270 1185 2309 εἷς
1241 2270 1302 2303 τὸν
1357 2269 1596 2314 καλούμενον

186 2316 399 2360 Στράγγαι».
455 2318 528 2350 Der
553 2317 676 2351 Name
712 2328 787 2351 von
818 2318 890 2351 Leo
918 2316 1114 2351 salschlich
1141 2316 1257 2351 sehon
1289 2317 1301 2350 Ι
1332 2319 1376 2350 40
1410 2319 1591 2359 genannt.

191 2384 227 2386 —
280 2365 324 2397 16
353 2364 447 2398 Erat
474 2364 575 2398 enim
698 2364 813 2398 stadii
840 2364 936 2408 folgt
962 2365 999 2398 in
1029 2378 1058 2398 ω
1082 2366 1158 2397 erst
1185 2364 1281 2398 nach
1320 2364 1373 2407 (Z.
1402 2365 1463 2407 19)
1502 2364 1594 2398 mihi

185 2411 384 2454 apparuit3
414 2411 567 2445 ahnlich
600 2411 655 2453 Jl,
682 2422 740 2445 wo
768 2411 905 2455 jedoch
935 2411 1031 2446 auch
1061 2410 1219 2445 anderes
1241 2410 1428 2455 geandert
1455 2411 1518 2444 ist.
1555 2432 1588 2435 —

185 2458 230 2490 22
258 2457 351 2498 Quis
372 2468 410 2492 es
432 2459 503 2492 tu?
543 2469 618 2502 erg.
641 2458 738 2493 Ausf
762 2459 815 2493 La
844 2458 940 2493 nach
966 2459 1005 2492 Jl
1027 2457 1105 2492 und
1128 2458 1188 2491 ΡΞ.
1236 2479 1271 2481 ψ
1315 2461 1359 2493 23
1383 2458 1420 2491 in
1442 2460 1591 2493 monte:

184 2505 262 2543 ἔξω
299 2505 372 2548 γὰρ
409 2505 473 2539 ἐπὶ
500 2505 609 2550 λόφῳ
647 2505 691 2549 ἦν
721 2506 897 2549 Δαρεῖος.
955 2527 990 2529 —
1044 2506 1087 2538 24
1117 2505 1343 2539 multitudin
1380 2505 1418 2538 in
1455 2505 1589 2539 Rasur.

192 2572 227 2575 —
247 2553 291 2585 26
312 2552 506 2587 adoravit:
527 2552 666 2587 ebenso
687 2553 747 2597 By
766 2553 835 2596 Sy3
858 2553 954 2587 nach
977 2566 1007 2587 ω
1026 2552 1107 2586 halt
1128 2552 1356 2596 umgekehrt
1376 2551 1594 2586 Alexander

187 2599 257 2633 sien
282 2599 418 2633 Darius
438 2600 500 2633 sur
518 2600 627 2633 einen
652 2600 758 2633 Gott.
796 2621 830 2623 —
855 2602 899 2634 29
921 2599 1049 2633 dicens
1070 2599 1152 2641 tibi,
1175 2600 1281 2643 quia:
1323 2600 1399 2633 Das
1418 2598 1592 2643 folgende
