1778 2875
790 109 1046 141 —128—

216 219 398 269 positum
429 230 514 268 esse
545 218 586 255 in
616 218 740 265 male,
773 218 844 269 qui
875 218 1003 257 etiam
1034 223 1076 257 et
1105 218 1247 269 lingua
1277 219 1364 257 eius
1394 220 1621 270 arescebat,

218 283 313 321 fecit
349 282 489 332 venire
526 294 669 321 omnes
705 283 857 321 milites
895 296 990 321 suos
1027 287 1068 322 et
1105 283 1216 334 cepit
1251 296 1419 322 monere
1455 296 1537 333 eOS,
1574 289 1623 324 ut

217 347 387 397 pacifice
411 351 453 386 et
475 346 579 386 bene
603 347 711 386 inter
735 360 775 386 se
799 347 1003 386 viverent.
1049 348 1279 387 Cassander
1302 361 1400 387 vero
1424 348 1624 399 pergebat

219 425 287 462 per
318 411 507 450 homines
536 412 661 462 ipsos,
694 424 788 450 cum
821 412 972 463 quibus
1004 413 1334 452 coniurationem
1365 413 1521 452 fecerat
1550 425 1624 464 pro

173 486 190 509 ῖι
218 477 390 515 interitu
434 476 675 525 Alexandri,
723 477 965 516 confortans
1009 490 1078 516 eos
1123 490 1170 516 ac
1215 478 1372 516 dicens:
1421 477 1624 527 „Scitote,

163 812 197 839 10

54 1138 78 1163 Β
103 1136 196 1163 218d

164 1461 203 1487 20

101 1520 158 1547 134
180 1520 201 1545 L

219 542 316 593 quia
348 541 455 580 male
488 540 617 580 habet
647 541 926 580 Alexander.“
991 542 1046 581 Et
1078 542 1362 593 expectabant
1394 543 1626 582 adventum

223 606 324 655 Yoli,
361 611 409 644 ut
444 606 730 657 intellegerent
766 611 945 645 mortem
981 607 1221 646 Alexandri.

326 671 362 709 2.
402 671 532 710 Facta
566 684 664 709 vero
703 669 838 724 [h]ora
872 672 1007 710 noctis
1042 672 1254 723 praecepit
1289 672 1483 711 omnibus
1517 672 1628 711 exire

219 736 268 775 de
284 736 474 774 cubiculo
489 748 577 784 suo,
594 736 749 787 pariter
764 741 805 774 et
823 736 1001 785 Roxani,
1017 750 1191 775 uxorem
1206 750 1338 775 suam.
1366 737 1470 776 Cum
1485 742 1627 776 autem

221 801 402 839 exissent
428 813 583 849 omnes,
621 801 806 851 precepit
842 801 1008 840 cuidam
1044 802 1237 840 familiari
1264 814 1350 850 suo,
1377 806 1425 840 ut
1450 802 1629 853 aperiret

220 866 388 916 regiam,
412 878 518 916 quae
540 870 629 904 erat
651 878 772 916 super
794 865 1039 904 descensum
1061 867 1180 905 fluvii
1203 867 1421 915 Eufraten,
1444 872 1486 906 et
1506 879 1629 906 nemo

221 931 341 969 stetit
367 930 437 969 ibi.
490 930 634 969 Erexit
660 944 700 969 se
727 931 864 969 media
890 936 1012 969 nocte
1039 931 1088 970 de
1116 936 1253 970 stratu
1280 944 1353 970 suo
1380 936 1423 970 et
1448 931 1630 970 extinxit

220 995 433 1034 lucernam
465 1000 521 1044 et,
554 995 652 1046 quia
683 1008 766 1034 non
797 995 968 1034 valebat
998 1001 1160 1046 erectus
1190 996 1259 1046 ire,
1292 996 1487 1035 manibus
1517 996 1630 1047 pedi—

222 1060 382 1111 busque
412 1074 483 1111 per
511 1065 666 1099 terram
695 1060 806 1111 cepit
833 1074 1000 1111 pergere
1029 1061 1081 1099 ad
1110 1061 1246 1112 ipsum
1276 1061 1467 1110 fluvium,
1496 1065 1545 1100 ut
1572 1061 1631 1099 di-

224 1130 478 1175 mergeretur
499 1125 540 1163 in
561 1138 608 1164 eo
629 1130 672 1163 et
692 1125 856 1164 tolleret
876 1138 971 1164 eum
991 1138 1135 1165 reuma
1155 1126 1283 1177 ipsius
1306 1126 1437 1164 fluvii.
1476 1125 1633 1164 Abiens

224 1195 366 1229 autem
404 1202 532 1241 prope
570 1190 748 1228 fluvium
785 1190 958 1229 volvens
997 1195 1125 1242 caput
1162 1204 1283 1230 suum
1322 1191 1429 1229 vidit
1469 1190 1633 1229 Roxani

224 1267 397 1294 uxorem
425 1268 543 1293 suam
571 1260 816 1306 sequentem
844 1268 884 1306 se
912 1268 1033 1294 cursu
1059 1255 1329 1294 validissimo.
1379 1256 1496 1294 Tunc
1522 1255 1633 1294 enim

224 1320 292 1359 illa
324 1320 527 1370 vigilabat
559 1325 601 1358 et
632 1320 740 1358 vidit
772 1333 880 1369 eum,
915 1320 1083 1371 quando
1116 1321 1261 1359 exivit.
1322 1321 1634 1371 Adproximans

225 1385 281 1423 illi
306 1385 426 1423 eiecit
452 1398 492 1423 se
518 1398 639 1436 super
665 1397 759 1423 eum
785 1385 1030 1436 amplexans
1055 1390 1182 1436 atque
1209 1385 1368 1424 dicens:
1419 1386 1544 1434 „Heu
1569 1397 1634 1435 me

226 1450 432 1498 miseram,
473 1450 651 1489 dimittis
689 1463 768 1500 me,
798 1450 1048 1499 Alexander,
1088 1455 1129 1489 et
1167 1450 1286 1489 vadis
1324 1450 1463 1489 temed
1497 1450 1634 1501 ipsum

229 1515 455 1554 occidere.“
495 1515 570 1554 Cui
589 1515 672 1565 ille:
713 1515 776 1564 „O
800 1515 978 1564 Roxani,
998 1528 1096 1566 rogo
1117 1520 1171 1564 te,
1193 1520 1240 1553 ut
1260 1528 1343 1554 nen
1364 1516 1467 1554 sciat
1487 1515 1636 1566 aliquis

228 1580 354 1618 finem
381 1592 535 1628 meum,
565 1580 759 1631 quamvis
786 1592 869 1618 non
898 1580 1042 1619 fuisses
1070 1580 1193 1631 digna
1221 1580 1400 1631 gaudere
1427 1579 1633 1619 mecum.“

234 1645 436 1696 Quamvis
471 1645 639 1683 reduxit
675 1657 769 1683 eum
806 1645 857 1684 ad
894 1645 1048 1684 lectum
1085 1657 1205 1683 suum
1242 1645 1382 1683 dicens
1418 1645 1492 1683 illi:
1563 1644 1636 1693 „Si

228 1710 323 1748 finis
364 1715 438 1748 tua
478 1710 608 1758 venit,
651 1710 797 1749 ordina
837 1710 1019 1761 primum
1060 1709 1109 1748 de
1150 1709 1310 1748 nobis.“

339 1775 375 1814 3.
414 1774 568 1813 Statim
602 1775 699 1813 feeit
731 1775 870 1814 venire
902 1775 1113 1814 notarium
1145 1779 1187 1813 et
1218 1775 1430 1826 praecepit
1463 1774 1637 1813 scribere

229 1844 546 1878 testamentum.
588 1840 706 1878 Tunc
727 1845 817 1878 erat
838 1839 895 1878 ibi
917 1840 1087 1891 quidam
1110 1839 1234 1878 homo
1257 1839 1429 1878 Perdica
1449 1839 1636 1887 nemine;

229 1905 350 1953 vidit,
383 1904 481 1955 quia
511 1910 741 1943 moreretur
771 1905 1021 1944 Alexander.
1081 1904 1292 1955 Cogitavit
1323 1905 1364 1943 in
1396 1904 1517 1943 corde
1549 1916 1636 1952 suo,

231 1969 342 2020 quod
380 1969 595 2008 Ptolomeo
632 1970 865 2008 dimitteret
899 1982 1085 2020 regnum,
1122 1969 1292 2008 tradens
1328 1969 1385 2008 illi
1421 1969 1461 2007 in
1498 1969 1636 2007 coniu-

229 2104 364 2149 geben,
402 2105 500 2139 dazu
539 2105 627 2139 zwei
655 2105 767 2139 Satze
804 2116 872 2140 aus
896 2108 915 2139 2
941 2105 1019 2139 und
1044 2107 1076 2139 3.
1113 2125 1149 2128 —-
1182 2107 1198 2138 1
1228 2105 1291 2148 qui
1317 2104 1384 2139 Ba.
1432 2125 1470 2130 —
1501 2107 1520 2140 3
1553 2105 1638 2139 Cas-

230 2152 385 2187 sander:
423 2152 531 2186 Nach
571 2152 693 2196 SyAr
728 2152 870 2186 meldet
906 2152 1085 2196 riehtiger
1123 2152 1343 2185 Kassander
1378 2152 1475 2186 nach
1511 2152 1639 2186 Make—

231 2199 384 2241 donien,
407 2199 483 2233 dass
507 2199 573 2233 der
594 2199 788 2243 Ansclilag
809 2199 996 2243 gelungen
1018 2199 1081 2233 sei.
1127 2198 1201 2233 Leo
1224 2200 1273 2233 ist
1295 2199 1375 2233 hier
1397 2199 1475 2233 und
1497 2199 1549 2233 im
1571 2198 1640 2234 fol-

230 2246 379 2289 genden
411 2246 500 2280 Satz
530 2246 636 2280 nicht
664 2257 759 2290 ganz
792 2247 884 2281 klar.
922 2267 958 2271 —
990 2249 1033 2280 22
1068 2247 1244 2290 quamvis
1276 2256 1351 2280 non
1383 2246 1517 2280 fuisses
1547 2248 1639 2283 etc:

231 2294 315 2327 Von
344 2294 418 2327 Leo
445 2293 584 2328 unklar
608 2294 934 2338 wiedergegebenss,
972 2294 1005 2327 A
1031 2293 1229 2335 verderbt;
1267 2294 1336 2328 Ar:
1374 2294 1496 2338 μικρὰ
1530 2294 1641 2338 χάρις

231 2341 312 2375 ἐστί
340 2354 401 2375 σοι
427 2341 490 2385 τὴν
516 2341 615 2385 ἐμὴν
651 2341 764 2380 δόξαν
791 2341 1042 2386 ἀφαιρεῖσθαι
1081 2341 1227 2385 φθόνῳ.
1275 2341 1345 2374 Mit
1379 2340 1521 2374 diesem
1551 2340 1641 2375 Satz

233 2390 361 2421 setzen
395 2388 491 2422 auch
527 2388 556 2421 B
576 2388 739 2432 CLBy,
772 2389 841 2422 das
877 2389 974 2432 Kap.
1009 2387 1238 2431 begi111ieml,
1271 2388 1342 2422 ein.
1385 2387 1494 2422 Nach
1526 2387 1641 2421 ihnen

232 2435 340 2469 fuhrt
372 2435 450 2469 also
483 2435 644 2469 Roxane
674 2435 747 2469 den
778 2435 997 2470 Alexander
1023 2434 1119 2469 nach
1143 2435 1229 2468 dem
1256 2434 1458 2469 Gastmahl
1481 2434 1555 2478 (ΙΙΙ
1580 2435 1639 2477 31)

233 2492 314 2525 weg
343 2483 380 2515 in
409 2482 481 2516 den
511 2482 653 2517 Palast.
701 2503 737 2506 —
779 2485 823 2517 23
856 2483 893 2517 Si
922 2482 1009 2516 finis
1139 2482 1264 2516 nobis:
1295 2492 1366 2515 nur
1396 2482 1481 2516 Leo.
1530 2502 1564 2505 —
1595 2483 1641 2516 26

236 2530 532 2565 testamentum:
567 2529 642 2563 Leo
674 2530 819 2563 erzahlt
850 2530 931 2563 hier
960 2539 1036 2563 von
1068 2529 1134 2563 der
1164 2529 1385 2573 Absassung
1415 2529 1481 2563 des
1512 2529 1641 2563 Testa-

236 2578 374 2618 ments,
401 2576 552 2610 obwohl
579 2587 618 2610 er
642 2577 770 2610 seinen
800 2576 929 2611 Inhalt
957 2575 1026 2618 (als
1054 2576 1157 2610 Brief
1183 2587 1231 2610 an
1258 2575 1497 2619 Aristoteles)
1525 2576 1641 2610 sehon
