1778 2875
57 483 81 507 Β
108 481 201 507 2Ῑ4ῑ)

171 798 207 825 10

173 1123 207 1150 15

109 1324 209 1351 lioL

67 1710 92 1735 B
118 1708 212 1735 2l4c

175 1774 212 1800 25

801 120 837 123 -
893 102 959 133 114
1019 121 1055 124 -

223 210 396 249 xandro.
452 210 526 248 Cui
557 209 814 249 Ptolomeus:
872 212 1008 262 „Quis
1037 224 1078 250 es
1107 216 1154 251 tu
1170 212 1213 250 ?“
1273 213 1328 251 Et
1356 213 1439 252 ille:
1481 215 1639 262 „Filius

223 274 428 313 Candacis
456 272 658 327 regin[a]e
688 275 822 314 sum.“
880 276 938 314 At
967 276 1051 315 ille:
1111 277 1282 328 „Quare
1312 276 1393 316 huc
1422 279 1575 318 venisti
1590 279 1636 317 ?“

225 339 380 388 „Exivi
409 352 503 378 cum
533 352 660 378 uxore
688 352 781 379 mea
808 353 996 379 exercere
1024 354 1089 379 me
1118 354 1212 380 cum
1240 343 1384 393 paucis
1412 343 1638 394 equitibus.

229 405 317 442 Rex
346 404 616 442 Bebricorum
653 405 818 443 sciendo
854 405 1178 456 pulcritudinem
1206 407 1346 445 uxoris
1379 420 1495 446 meae
1520 408 1641 446 venit

229 482 351 520 super
391 482 457 507 me
498 482 591 508 cum
632 469 772 508 valida
810 483 951 519 manu,
993 471 1093 510 tulit
1132 470 1233 510 mihi
1272 485 1444 510 uxorem
1479 485 1641 521 meam,

227 534 368 582 etiam,
389 534 487 584 quia
506 534 621 572 volui
641 534 860 573 defendere
880 548 959 583 me,
981 536 1134 574 occidit
1154 536 1290 587 plures
1309 536 1462 576 milites
1481 537 1639 576 meOS.“

227 599 302 637 Cui
332 598 591 637 Ptolomeus:
648 600 908 650 „Expecta.“

338 664 511 702 Interim
542 664 712 702 exiliens
743 665 792 703 de
822 664 1094 704 tabernaculo
1125 679 1197 704 suo
1228 666 1332 705 abiit
1362 666 1413 705 ad
1445 666 1640 706 taberna-

228 729 367 767 culum
410 729 528 779 regis,
572 729 613 766 in
658 742 740 779 quo
783 729 1033 779 dormiebat,
1077 731 1265 769 excitans
1308 744 1417 779 eum,
1461 731 1645 770 referens

229 793 286 832 illi
312 794 465 841 omnia,
495 806 600 844 quae
628 793 819 832 audierat
845 794 897 832 ab
925 795 1013 846 ipso
1041 795 1204 834 iuvene.
1262 795 1353 846 Quo
1380 796 1526 835 audito
1554 809 1643 835 sur·

226 858 335 897 rexit
375 858 524 897 tollens
565 858 759 897 diadema
800 859 948 910 capitis
989 860 1063 908 sui,
1106 860 1323 899 coronavit
1365 860 1643 910 Ptolomeum,

230 923 294 962 cui
326 928 367 961 et
400 923 526 962 dixit:
591 923 846 971 „Revertere
878 924 1198 964 tabernaculum
1230 930 1366 974 tuum,
1400 930 1441 964 et
1474 926 1568 965 sede
1600 926 1643 964 in

230 987 330 1026 solio
360 987 487 1038 regali
518 993 559 1026 et
590 988 672 1027 dic:
708 989 825 1039 „Ego
857 1002 948 1027 sum
978 989 1215 1029 Alexander
1245 992 1345 1028 rex“
1380 995 1421 1029 et
1452 990 1644 1042 praecipe

229 1051 387 1091 homini
404 1058 491 1099 tuo,
519 1057 567 1091 ut
593 1053 720 1091 faciat
736 1054 876 1092 venire
894 1054 945 1092 ad
963 1058 1004 1093 te
1021 1055 1139 1106 quasi
1155 1055 1415 1105 Antigonum
1432 1054 1644 1094 hominem

230 1123 367 1165 tuum,
413 1122 453 1156 et
495 1118 647 1157 veniad
690 1118 741 1157 ad
787 1132 848 1157 me
893 1124 933 1158 et
979 1120 1163 1159 adducat
1205 1133 1270 1170 me
1311 1125 1409 1170 ante
1448 1125 1490 1170 te
1524 1120 1645 1172 quasi

230 1182 443 1221 hominem
460 1188 596 1221 tuum.
623 1183 678 1221 Et
695 1183 795 1222 dum
812 1184 933 1222 venio
948 1189 1045 1223 ante
1059 1189 1114 1235 te,
1131 1186 1260 1223 recita
1276 1185 1378 1223 mihi
1392 1186 1532 1224 omnia
1545 1189 1644 1224 ante

233 1248 368 1299 ipsum
395 1248 604 1296 iuvenem,
628 1261 917 1300 quaecumque
940 1249 1018 1288 tibi
1039 1249 1159 1298 dixit,
1182 1255 1223 1288 et
1245 1251 1455 1301 interroga
1480 1263 1544 1288 me
1567 1249 1643 1288 sub

236 1325 411 1363 persona
427 1313 684 1363 Antigoni(s)
704 1318 751 1352 ut
775 1313 869 1352 dem
886 1314 962 1352 tibi
980 1314 1210 1363 consilium,
1234 1315 1333 1366 quid
1348 1315 1496 1354 exinde
1510 1315 1645 1354 facere

233 1377 427 1416 debeaS.“
484 1377 540 1416 Et
567 1378 627 1417 ita
656 1379 816 1417 factum
845 1383 920 1417 est.
976 1379 1049 1418 Cui
1077 1380 1313 1418 Alexander
1342 1384 1509 1419 astante
1538 1380 1646 1419 Can-

172 1449 189 1474 2
233 1442 347 1481 dauli
367 1442 491 1481 dixit:
530 1443 751 1491 „D0mine,
773 1444 936 1494 precipe
956 1443 1070 1493 mihi,
1091 1449 1134 1483 et
1152 1457 1225 1495 ego
1245 1457 1370 1495 pergo
1389 1444 1491 1484 hora
1509 1444 1648 1483 noctis

233 1513 275 1546 et
317 1508 564 1558 supervenio
607 1508 741 1559 ipsam
785 1509 1000 1547 civitatem
1043 1521 1091 1548 ac
1133 1510 1383 1548 succendam
1426 1522 1518 1548 eam
1561 1509 1645 1560 igni

234 1577 275 1611 et
314 1572 433 1621 facio,
472 1578 520 1611 ut
558 1586 628 1623 per
666 1573 752 1611 vim
790 1573 970 1612 reddant
1007 1586 1180 1613 uxorem
1218 1575 1346 1613 eius.“

343 1637 405 1676 20.
442 1637 496 1676 Et
529 1638 674 1676 statim
707 1638 902 1677 adoravit
933 1652 1028 1677 eum
1061 1639 1284 1678 Candaulis
1316 1644 1358 1677 et
1390 1639 1516 1678 dixit:
1581 1638 1647 1687 „O

239 1703 542 1753 sapientissime
572 1703 794 1753 Antigone,
826 1704 1033 1755 optimum
1064 1704 1213 1752 fuerat,
1244 1709 1292 1743 ut
1321 1708 1368 1743 tu
1399 1704 1545 1743 fuisses
1573 1717 1646 1743 rex

237 1767 472 1806 Alexander
504 1772 546 1806 et
569 1780 653 1806 non
678 1768 823 1807 fuisses
848 1768 1059 1807 subiectus
1085 1768 1183 1807 illi.“
1200 1792 1252 1796 —
1272 1769 1392 1820 Quod
1419 1773 1461 1808 et
1486 1769 1648 1808 factum

237 1837 317 1871 est:
347 1832 450 1871 abiit
477 1832 579 1871 hora
605 1833 739 1871 noctis
766 1833 928 1872 silentio
956 1838 998 1872 et
1025 1834 1238 1873 succendit
1264 1834 1398 1885 ipsam
1429 1834 1647 1872 civitatem

239 1897 333 1948 igni.
408 1897 666 1948 Evigilantes
703 1902 846 1937 autem
883 1897 1071 1937 homines
1107 1899 1235 1950 ipsius
1273 1899 1457 1937 civitatis
1495 1898 1646 1938 clama-

238 1967 391 2001 verunt
414 1962 616 2001 dicentes:
662 1963 806 2013 „Quid
830 1968 892 2002 est
914 1962 993 2002 hoc
1008 1964 1052 2002 ?“
1094 1964 1152 2002 At
1174 1963 1231 2002 illi
1254 1963 1468 2002 dixerunt:
1513 1963 1648 2012 „Can-

332 2070 351 2103 3
383 2079 555 2103 exercere
608 2079 684 2105 me:
736 2080 764 2103 s.
816 2069 914 2103 Einl.
957 2071 1015 2104 23.
1064 2090 1100 2094 —
1146 2071 1165 2103 4
1206 2069 1460 2104 Bebrixorum
1501 2069 1575 2111 Ba;
1615 2079 1646 2103 s.

240 2144 337 2179 Einl.
368 2148 424 2180 19.
486 2165 521 2170 -
578 2148 619 2180 11
651 2125 827 2189 capitissui
857 2145 924 2180 Ba.

339 2194 397 2228 20.
418 2192 474 2234 [Zi
492 2195 575 2234 244,
594 2195 730 2236 2—20]
749 2195 793 2227 25
819 2193 929 2234 Quod
951 2195 990 2227 et
1005 2193 1029 2227 s.
1052 2204 1101 2229 e.:
1124 2193 1206 2237 gibt.
1228 2193 1309 2227 hier
1329 2193 1465 2228 keinen
1489 2192 1648 2228 rechten

243 2239 346 2273 Sinn.
402 2240 476 2273 Leo
503 2239 586 2283 gibt
614 2239 705 2274 aber
731 2240 799 2274 das
830 2241 970 2282 Ganze,
998 2240 1096 2275 auch
1125 2240 1198 2274 den
1228 2240 1370 2275 Schluss
1399 2240 1464 2274 des
1491 2240 1647 2284 vorigen

244 2286 357 2330 Kap.‚
384 2286 491 2321 stark
517 2287 708 2321 verki'irzt.
758 2287 837 2321 Vor
861 2287 971 2322 aliem
998 2288 1066 2322 hat
1092 2288 1180 2330 Leo,
1205 2288 1274 2322 wie
1299 2288 1397 2323 auch
1423 2287 1493 2329 Va,
1521 2298 1565 2321 zu
1591 2297 1645 2321 er—

240 2333 402 2367 w‘ahnen
429 2344 641 2378 vergessen,
668 2334 742 2368 dass
767 2334 985 2369 Alexander
1008 2334 1105 2369 nach
1130 2334 1196 2368 der
1221 2335 1337 2370 Stadt
1361 2335 1427 2369 der
1451 2334 1650 2379 Bebryker

242 2380 523 2423 ausgebrochen
552 2381 613 2423 ist,
652 2381 772 2416 sodass
810 2381 876 2416 der
903 2382 1057 2426 Anfang
1091 2382 1157 2425 (Et
1185 2383 1320 2416 statim
1349 2382 1527 2417 adoravit
1556 2381 1644 2425 etc.)

242 2427 339 2462 nach
370 2427 443 2461 Leo
473 2428 571 2462 noch
599 2429 651 2462 im
681 2429 801 2472 Lager
827 2428 1064 2463 Alexanders
1091 2429 1215 2472 spielt.
1273 2429 1322 2463 So
1350 2429 1398 2463 ist
1427 2428 1506 2463 also
1535 2430 1651 2463 unter

243 2485 278 2518 q.
300 2485 330 2508 e.
352 2474 376 2508 f.
398 2486 427 2509 e.
451 2475 518 2509 der
538 2475 789 2510 tatsachliche
808 2476 1008 2511 Aufbruch
1029 2486 1097 2510 aus
1116 2476 1202 2510 dem
1225 2477 1346 2520 Lager
1364 2487 1409 2510 zu
1430 2475 1645 2510 verstehen.

244 2521 297 2602 Lla
321 2523 424 2602 ‘sletzt
452 2522 511 2556 die
534 2523 666 2557 Worte
695 2533 742 2557 an
771 2523 844 2557 den
875 2523 1018 2558 Schluss
1048 2522 1113 2557 des
1145 2524 1242 2568 Kap.
1274 2524 1328 2568 (S.
1352 2524 1436 2566 115,
1458 2524 1518 2567 11)
1548 2521 1648 2557 nach

243 2579 264 2604 a
319 2578 393 2602 10.
