1778 2875
723 123 952 155 —51-

130 233 391 282 Macedones,
427 233 667 272 Tracienses
702 238 743 272 et
777 232 1162 272 Thessalonicenses
1196 238 1324 285 atque
1360 233 1537 272 Lacede-

130 310 274 337 mones
307 303 349 337 et
382 298 464 346 alii,
499 298 721 337 intuemini
754 303 796 337 et
828 298 969 337 videte
1002 298 1302 345 Alexandrum,
1337 303 1379 337 et
1412 298 1538 337 timor

131 362 406 402 barbarorum
436 363 580 414 procul
610 363 664 402 sit
693 375 716 401 a
745 362 878 401 vobis.
939 362 986 401 In
1016 375 1081 401 me.
1112 363 1178 411 sit,
1210 363 1282 411 ait,
1314 362 1406 411 hoc,
1439 363 1538 414 quia

130 432 172 466 et
196 427 286 466 illos
311 427 542 478 subiugabo
567 432 610 466 et
634 428 675 466 in
700 427 869 466 servitio
894 440 1097 466 manuum
1121 432 1357 466 vestrarum
1382 440 1536 478 ponam

130 492 231 531 illos.
296 493 396 544 Quis
426 505 475 531 ex
505 492 625 530 vobis
655 504 771 531 arma
799 491 993 537 voluerit,
1024 491 1147 530 tollat
1176 505 1226 530 ex
1256 505 1348 530 meo
1378 492 1536 543 palatio

130 562 171 596 et
206 562 399 608 preparet
433 570 474 596 se
508 557 560 596 ad
595 556 810 607 proelium,
846 561 888 595 et
922 557 993 608 qui
1027 556 1219 605 noluerit,
1251 562 1384 595 armet
1416 570 1456 595 se
1487 570 1537 596 ex

130 622 254 660 armis
281 622 406 660 suis.“
459 622 664 660 Dixerunt
689 621 724 660 ei
751 621 947 660 seniores:
999 621 1118 669 „Rex
1144 621 1394 669 Alexander,
1422 627 1538 660 aetas

133 692 273 725 nostra
309 687 350 725 in
387 690 600 725 senectute
637 686 773 737 posita
809 690 890 733 est,
927 686 1071 724 multis
1107 686 1226 725 annis
1262 686 1539 725 militavimus

130 751 241 802 patri
267 757 341 790 tuo
368 756 410 790 et
435 764 518 790 non
545 755 608 789 est
635 751 769 789 virtus
794 750 927 799 nobis,
956 756 1004 790 ut
1030 751 1270 801 angustiam
1298 751 1401 789 ferre
1428 751 1537 789 vale-

129 828 261 855 amus.
311 816 430 856 Unde
455 816 487 854 si
511 815 588 854 tibi
613 815 762 866 placet,
788 820 1000 854 recusetur
1025 828 1047 854 a
1072 815 1191 854 nobis
1215 816 1381 864 milicia,
1408 828 1534 867 quam

130 894 259 932 usque
296 878 532 934 [h]actenus
566 881 766 931 egimus.“
837 880 884 919 In
919 879 996 919 hoc
1030 880 1246 931 respondit
1279 880 1534 919 Alexander:

131 945 290 996 „Magis
312 945 506 984 volumus
529 958 602 984 vos
625 944 776 984 habere
799 946 839 984 in
862 945 1014 984 milicia
1036 950 1179 984 nostra
1203 958 1329 997 quam
1353 946 1536 991 iuvenes,

130 1011 228 1062 quia
254 1011 415 1049 iuvenis
442 1010 692 1049 confidendo
720 1011 759 1049 in
788 1011 1009 1049 iuventute
1037 1023 1110 1049 sua
1138 1011 1317 1061 acquirit
1344 1015 1536 1052 mortem,

130 1076 263 1114 senior
292 1080 434 1114 autem
462 1076 602 1114 omnia
631 1088 725 1114 cum
755 1076 923 1114 consilio
953 1075 1095 1114 facit.“
1154 1076 1242 1113 Hoc
1271 1075 1411 1114 dicens
1440 1075 1538 1114 fecit

129 1153 198 1179 eos
229 1141 500 1191 acquiescere,
535 1145 582 1179 ut
615 1145 751 1179 essent
783 1140 824 1178 in
858 1140 1009 1179 milicia
1042 1153 1128 1179 sua.

237 1228 300 1268 29.
349 1228 403 1267 Et
449 1233 544 1280 post
589 1228 691 1268 haec
737 1234 987 1280 congregata
1032 1229 1303 1268 multitudine
1350 1228 1535 1268 hostium

131 1294 268 1344 coepit
300 1293 355 1332 ire
391 1293 580 1332 Romam.
645 1294 855 1345 Principes
888 1306 986 1333 vero
1018 1294 1194 1332 miliciae
1227 1293 1538 1332 mandaverunt

133 1358 168 1397 ei
221 1371 291 1397 sex
345 1358 456 1397 milia
511 1359 671 1397 talenta
723 1359 812 1398 auri
865 1363 905 1397 et
948 1371 1132 1409 ,coronas
1175 1364 1344 1398 centum
1386 1371 1538 1398 novem

129 1423 242 1462 milia
278 1423 547 1474 deprecantes
579 1423 708 1472 illum,
742 1428 790 1462 ut
821 1423 1064 1463 concederet
1088 1424 1165 1462 illis
1188 1436 1372 1474 pugnam
1397 1424 1533 1463 Calce-

129 1488 260 1526 donis.

228 1642 287 1676 25.
307 1641 365 1683 [Ζί
381 1643 464 1683 146,
483 1644 641 1683 9—147,
658 1643 694 1684 2]
723 1644 742 1676 3
773 1642 815 1676 In
843 1652 902 1676 me
925 1642 992 1676 sit:
1019 1642 1063 1676 In
1089 1656 1119 1677 ω
1143 1641 1250 1676 hcisst
1273 1652 1311 1675 es
1336 1641 1429 1675 nach
1448 1641 1536 1675 Ver-

128 1687 354 1732 kiindigung
388 1688 454 1723 des
488 1689 821 1733 panhellenischen
860 1689 1080 1732 Fefflzuges,
1114 1689 1333 1724 Alexander
1365 1688 1464 1723 habe
1499 1689 1536 1722 in

128 1734 200 1770 alle
236 1735 374 1770 Stadte
409 1735 663 1771 Botschasten
698 1736 911 1780 geschickt;
948 1736 1051 1771 dann
1085 1736 1222 1770 hatten
1257 1736 1316 1770 die
1353 1735 1536 1770 Soldaten

128 1782 207 1817 sich
235 1782 480 1817 versammelt
507 1783 586 1818 und
614 1783 833 1818 Alexander
859 1783 957 1817 habe
985 1783 1045 1818 die
1071 1783 1295 1827 Ansprache
1323 1793 1371 1817 an
1398 1783 1450 1817 sie
1477 1793 1536 1826 ge-

128 1829 272 1863 halten.
334 1829 402 1864 Bei
434 1830 508 1864 Leo
539 1830 631 1874 geht
660 1831 746 1875 jene
778 1830 1082 1874 Verkundigung
1113 1831 1192 1865 und
1224 1831 1283 1865 die
1314 1830 1537 1874 Ansprache

128 1876 352 1911 ineinander
371 1876 476 1911 uber.
516 1898 552 1901 —
587 1879 606 1911 5
634 1878 744 1919 Quis:
773 1878 956 1922 Quisquis
986 1888 1105 1912 verm.
1147 1878 1254 1912 Ausf.
1295 1898 1329 1901 —
1364 1881 1383 1911 8
1405 1887 1536 1912 senue-

130 1955 214 1988 tute
247 1953 314 1987 Ba.
355 1974 390 1977 —
427 1957 468 1989 11
503 1927 665 1989 *actenus
697 1954 771 1996 Ba3
804 1956 964 1989 actenus
999 1955 1050 1989 J1.

230 2013 419 2054 [26—28:
467 2013 578 2047 Fehlt
613 2014 649 2047 in
686 2013 772 2047 Leo.
830 2015 875 2049 26
911 2013 1006 2048 nach
1045 2025 1093 2048 w:
1129 2013 1221 2048 Zahl
1257 2013 1323 2047 der
1356 2014 1535 2056 Truppen

130 2059 208 2093 und
236 2059 486 2101 Hilfsvolker·‚
512 2061 640 2095 davon
666 2061 734 2094 hat
751 2060 824 2094 Leo
852 2071 938 2095 nur:
960 2062 1005 2094 16
1031 2063 1263 2104 congregata
1290 2070 1338 2094 ni.
1364 2060 1465 2094 host.
1496 2080 1533 2083 -—

131 2108 176 2142 27
200 2106 259 2140 bis
283 2108 345 2142 28:
371 2107 566 2142 Einschub
598 2108 664 2141 der
696 2108 882 2152 jungeren
922 2108 1202 2149 Rezensionem
1239 2107 1333 2141 fehlt
1367 2106 1465 2141 auch
1499 2107 1535 2140 in

128 2154 161 2188 A
179 2153 236 2188 Va
262 2154 313 2198 Sy
330 2155 393 2188 Ar
400 2155 411 2196 ]

229 2214 288 2248 29.
302 2212 463 2255 [Zi147‚
485 2215 524 2255 33
548 2217 639 2248 10—
648 2215 708 2257 13]
738 2214 792 2248 Zu
817 2213 964 2258 Beginn
993 2214 1058 2248 des
1077 2214 1176 2258 Kap.
1199 2214 1291 2248 wird
1310 2213 1535 2258 Lykaonien

131 2260 378 2307 (Lukanien)
389 2241 562 2295 erwahiit
598 2261 635 2295 in
661 2263 694 2296 A
722 2261 779 2296 Va
810 2262 862 2305 S5
889 2263 953 2303 Ar,
982 2261 1085 2295 dann
1113 2261 1265 2295 Sizilien
1294 2261 1331 2294 in
1361 2275 1392 2295 ω
1418 2261 1538 2295 ausser

129 2307 161 2341 A
180 2307 266 2341 Leo.
296 2328 331 2331 —
363 2301 466 2342 Uber
492 2307 551 2342 die
568 2301 779 2352 Anderung
800 2309 837 2342 in
863 2309 903 2342 11
924 2319 951 2342 s.
976 2308 1074 2342 Einl.
1098 2311 1130 2343 3
1161 2329 1197 2332 —
1218 2312 1261 2344 17
1287 2308 1471 2342 Romam:
1494 2317 1534 2341 so

129 2354 226 2389 auch
250 2354 479 2398 Sy31talien
502 2368 543 2390 ω
584 2376 620 2379 —
660 2356 728 2389 Die
758 2355 979 2390 Geschenke
1012 2355 1078 2389 der
1098 2356 1241 2390 Romer
1270 2355 1422 2389 werden
1454 2365 1535 2389 ver·

129 2400 308 2436 schieden
339 2401 575 2445 angegeben;
605 2412 675 2436 vor
704 2402 817 2437 allem
848 2402 970 2436 erhalt
1000 2402 1219 2437 Alexander
1248 2402 1345 2437 nach
1378 2416 1408 2436 ω
1437 2401 1535 2436 auch

132 2448 328 2483 Soldaten.
359 2469 395 2472 —
424 2451 468 2482 18
493 2459 669 2484 coronas:
694 2449 889 2484 vielleicht
912 2450 1250 2484 Missverst‘andnis.
1296 2449 1404 2484 Naeh
1427 2451 1461 2483 A
1478 2448 1536 2483 Va

132 2495 184 2539 Sy
201 2496 254 2529 Ar
271 2495 331 2540 By
363 2495 487 2529 erhalt
517 2496 737 2531 Alexander
768 2497 850 2531 eine
887 2498 1014 2531 Krone
1047 2507 1123 2531 von
1157 2499 1226 2531 100
1261 2496 1388 2530 Pfund
1424 2495 1534 2537 Gold,

130 2542 227 2577 nach
253 2543 283 2576 B
302 2542 328 2577 C
345 2542 374 2576 L
396 2542 520 2576 erhalt
542 2554 584 2577 er
606 2546 675 2577 500
695 2543 821 2577 Pfund
849 2544 958 2579 Gold.
992 2565 1028 2568 —
1061 2545 1100 2579 19
1128 2543 1366 2579 Caloedonis:
1386 2543 1534 2587 Χαλκη-

130 2589 272 2629 δονίοις
299 2590 331 2623 A
359 2591 458 2624 statt
486 2591 779 2635 Καρχηδονίοις.

1561 829 1597 855 10

1562 1147 1704 1174 3197c1

1558 1241 1648 1268 50L

1558 1436 1592 1463 51
1623 1436 1644 1461 L

1557 1501 1596 1527 20
