1778 2875
700 136 928 168 *93-

110 247 248 286 locum
292 251 334 285 et
378 246 635 285 confortavit
678 245 830 284 milites
875 257 970 283 suos
1015 244 1173 283 dicens:
1262 242 1519 292 „Multitudo

110 310 327 350 hominum
356 315 595 350 nostrorum
624 323 708 349 non
737 309 960 361 equabitur
990 308 1254 348 multitudini
1286 308 1518 356 Persarum,

113 377 210 427 quia
247 375 560 427 multipliciores
597 374 718 414 nobis
755 379 866 413 sunt.
943 374 1024 413 Sed
1062 386 1145 412 non
1185 372 1409 412 conturbet
1446 385 1521 410 nos

111 441 340 480 multitudo
391 441 567 487 illorum,
619 440 746 478 etiam
798 439 829 477 si
880 438 1170 489 centupliciter
1221 442 1370 485 essent,
1423 437 1521 488 quia

110 506 267 544 nullam
319 505 517 544 lesionem
571 505 703 543 facere
755 503 946 554 prevalet
998 502 1226 541 multitudo
1280 514 1518 540 muscarum

112 571 315 621 parvitati
360 569 592 620 vespium.“
681 568 913 607 Audientes
958 567 1035 605 hoc
1081 566 1362 606 laudaverunt
1408 579 1517 605 eum.

222 635 370 674 Darius
413 635 556 685 itaque
600 633 735 672 movit
779 632 1007 671 exercitum
1053 644 1173 670 suum
1219 636 1262 670 et
1305 630 1423 669 venit
1466 631 1518 669 ad

112 700 290 738 fluvium
325 699 502 750 Stragan
535 703 578 737 et
609 697 789 745 transiit,
823 702 871 736 ut
902 701 1108 747 pugnaret
1143 709 1236 735 cum
1269 695 1520 735 exercitibus

111 764 352 803 Alexandri.
425 764 527 802 Erat
563 763 673 801 enim
710 762 916 801 exercitus
956 761 1069 799 Darii
1107 773 1283 811 magnus
1320 760 1441 799 valde
1479 765 1520 799 et

112 829 244 877 fortis,
270 828 455 867 habebat
480 828 658 879 denique
684 827 859 866 falcatos
885 839 1039 865 currus.
1088 826 1191 865 Cum
1217 830 1359 864 autem
1384 825 1518 864 venis-

113 898 175 932 set
210 894 397 945 utrisque
433 892 563 932 hostis
600 893 640 931 in
676 904 887 943 campum,
924 896 1026 930 tunc
1062 890 1250 929 ascendit
1284 889 1520 928 Alexander

87 972 279 1010 equum,
310 959 381 1009 qui
409 958 560 997 dicitur
579 957 790 1004 Bucesalo,
821 961 863 995 et
890 956 1068 994 occurrit
1097 960 1138 994 et
1167 956 1286 994 stetit
1315 955 1355 993 in
1384 955 1520 993 medio

113 1028 210 1062 ante
246 1035 401 1061 omnes.
469 1022 669 1061 Videntes
704 1034 798 1059 eum
835 1022 989 1069 Perses,
1027 1020 1285 1059 dubitabant
1319 1020 1429 1058 enim
1464 1019 1520 1058 ire

112 1101 233 1139 super
265 1101 372 1135 eum,
406 1100 452 1126 eo
486 1087 596 1138 quod
630 1087 829 1125 divinitas
862 1085 1177 1136 cooperiebatur
1210 1098 1317 1123 eum.
1363 1085 1519 1123 Mixtus

112 1158 174 1191 est
204 1153 312 1192 inter
341 1165 382 1191 se
412 1153 599 1203 utrisque
630 1151 761 1190 hostis
791 1156 831 1189 et
862 1151 1068 1202 pugnavit
1099 1150 1247 1188 acriter
1278 1155 1319 1188 et
1349 1163 1399 1187 ex
1430 1162 1515 1187 am-

112 1217 246 1256 babus
276 1217 467 1268 partibus
498 1216 707 1256 sonabant
737 1216 877 1255 tubae.
940 1216 1103 1254 Fortior
1134 1215 1243 1253 enim
1275 1219 1365 1253 erat
1396 1226 1520 1253 sonus

112 1283 391 1333 pugnantium
420 1294 546 1333 quam
575 1294 699 1320 sonus
726 1293 952 1327 armorum,
981 1285 1023 1319 et
1050 1280 1292 1318 defecerunt
1319 1293 1369 1318 ex
1396 1279 1518 1317 utris-

113 1360 192 1398 que
215 1347 444 1386 multitudo
468 1347 662 1385 militum.
708 1346 811 1384 Erat
834 1346 943 1384 enim
967 1345 1280 1395 sagittariorum
1304 1344 1520 1395 plenitudo

112 1412 299 1451 maxima
320 1417 362 1451 et
389 1416 693 1462 cooperuerunt
715 1411 851 1462 ipsum
874 1423 1010 1449 acrem
1038 1410 1201 1460 sagittis
1229 1410 1337 1447 sicut
1374 1408 1518 1456 nubes,

116 1477 185 1516 alii
219 1489 347 1515 manu
382 1477 433 1515 ad
468 1489 641 1515 manum
672 1480 921 1527 pugnantes,
957 1475 1024 1514 alii
1059 1487 1156 1513 vero
1192 1474 1355 1524 sagittis
1390 1478 1547 1524 atque‘

118 1542 283 1580 lanceis.
346 1541 401 1580 Et
433 1546 521 1580 erat
553 1541 746 1592 planetus
779 1541 818 1579 in
852 1541 907 1579 cis
939 1545 981 1578 et
1012 1540 1229 1578 tribulatio
1261 1539 1446 1577 maxima
1479 1543 1520 1576 ct

113 1611 203 1645 erat
229 1607 374 1657 plenus
400 1619 572 1657 campus
597 1619 647 1645 ex
673 1606 849 1644 mortuis
875 1610 916 1643 et
943 1605 1166 1643 semivivis.
1215 1604 1385 1642 Plurimi
1411 1603 1519 1641 enim

115 1671 353 1710 ceciderunt
391 1684 441 1710 ex
480 1676 598 1722 parte
640 1671 766 1709 Darii.
840 1670 996 1709 Yidens
1035 1674 1174 1708 autem
1220 1669 1382 1716 Darius,
1423 1668 1520 1719 quia

115 1736 365 1775 corruissent
400 1736 474 1783 sui,
512 1736 653 1786 fugam
688 1736 794 1784 iniit,
833 1735 1043 1785 fugierunt
1078 1739 1120 1773 et
1157 1734 1311 1772 Perses
1380 1733 1519 1771 Multi-

114 1801 217 1839 tudo
246 1813 438 1839 curruum
470 1801 718 1840 falcatorum
747 1800 907 1851 fugiens
934 1799 1183 1838 occidebant
1210 1811 1305 1837 suos
1332 1803 1374 1837 et
1402 1797 1519 1836 cade—

113 1865 218 1904 bant
236 1865 342 1904 sicut
360 1866 503 1904 messis
522 1866 563 1904 in
582 1878 743 1916 campo.
778 1865 960 1903 Veniens
979 1869 1121 1903 autem
1144 1864 1292 1902 Darius
1312 1863 1364 1901 ad
1383 1864 1520 1913 ipsum

114 1930 291 1969 fluvium
327 1936 368 1969 et
404 1931 563 1969 invenit
598 1943 692 1969 eum
729 1930 1010 1980 coagulatum,
1048 1928 1228 1967 transiit.
1298 1927 1520 1966 Plenitudo

114 2007 210 2034 vero
250 2000 491 2045 postergum
531 1996 702 2034 veniens
742 1996 923 2045 ingressa
963 1999 1044 2042 est,
1087 1994 1301 2032 venientes
1341 2005 1438 2031 vero
1479 1993 1520 2030 in

113 2059 250 2098 medio
278 2059 367 2099 loco
397 2060 599 2099 dissoluta
628 2065 689 2099 est
719 2061 790 2098 nix
820 2064 863 2098 et
891 2059 1058 2110 plurimi
1087 2058 1243 2097 mortui
1273 2063 1384 2096 sunt.
1439 2057 1520 2095 Alii

114 2129 256 2164 autem
285 2125 543 2176 applicantes
571 2125 623 2164 ad
652 2126 789 2176 ipsum
819 2124 995 2163 fluvium
1024 2128 1078 2171 et,
1109 2136 1202 2162 cum
1231 2123 1407 2161 transire
1435 2134 1519 2160 non

113 2190 363 2240 potuissent,
409 2190 674 2241 insequentes
719 2202 787 2229 eos
832 2188 1079 2228 Macedones
1124 2187 1372 2227 occidebant
1417 2187 1518 2225 illos.

207 2275 227 2306 9
243 2272 336 2307 Erat
349 2273 465 2307 enim.
484 2301 490 2307 .
508 2283 674 2308 .currus:
697 2283 736 2307 so
751 2282 823 2306 nur
836 2272 933 2306 noch
950 2272 1013 2315 Sy.
1038 2292 1072 2295 —
1094 2273 1136 2305 11
1160 2271 1332 2315 utrisque
1348 2270 1447 2304 korr.
1464 2269 1520 2303 Ba

113 2320 150 2353 in
164 2321 336 2363 uterque.
365 2341 400 2343 —
427 2322 470 2354 13
494 2322 583 2354 ante
605 2330 737 2354 omnes
753 2330 878 2363 perses
894 2318 1131 2353 dubitabant
1158 2318 1259 2352 enim
1286 2318 1338 2351 ire
1366 2316 1423 2351 Ba
1450 2317 1519 2350 mit

114 2367 530 2410 Verweisungszeichen
578 2378 647 2401 vor
693 2367 929 2401 dubitabant
976 2366 1055 2400 und
1089 2364 1518 2409 darubergeschrieben:

114 2413 290 2448 videntes
322 2424 409 2448 eum
444 2424 580 2457 perses.
647 2414 699 2449 La
733 2414 818 2458 fugt
851 2423 940 2447 suos
973 2413 1071 2447 nach
1105 2422 1249 2454 omnes,
1286 2411 1372 2455 tilgt
1405 2411 1518 2445 enim.

120 2482 156 2485 —
182 2463 227 2494 14
259 2471 301 2495 eo
333 2460 435 2504 quod
467 2461 542 2495 div.
575 2463 665 2496 etc:
698 2461 782 2495 Nur
814 2460 883 2504 Sy:
920 2460 1042 2502 „Weil
1079 2458 1321 2493 Gotterkraft
1356 2457 1421 2493 auf
1441 2458 1520 2491 ihm

114 2507 265 2542 ruhte.’'
305 2528 341 2531 —
378 2509 421 2541 15
456 2508 626 2552 utrisque
658 2509 756 2542 korr.
790 2507 846 2542 Ba
877 2507 914 2540 in
936 2509 1109 2550 uterque*
1147 2527 1182 2530 —
1215 2506 1258 2540 25
1288 2506 1452 2549 fugiens:
1483 2507 1520 2538 te

115 2555 166 2599 (d.
195 2555 217 2588 i.
247 2554 448 2598 fugientes)
489 2555 559 2588 mit
586 2555 746 2589 anderer
779 2555 890 2588 Tinte
930 2553 1343 2597 darubergeschrieben
1383 2553 1421 2586 in
1450 2552 1518 2585 Ba.

121 2623 157 2626 —
190 2605 232 2637 27
263 2601 427 2636 fluvium
454 2601 603 2636 invenit
730 2604 768 2636 et
798 2601 950 2635 transiit
981 2601 1034 2635 La
1066 2600 1163 2635 nach
1192 2601 1228 2634 M
1250 2600 1302 2634 Jl.

1545 830 1579 855 10

1543 1088 1582 1114 92
1610 1089 1632 1114 L

1542 1160 1575 1187 15

1547 1284 1569 1309 Β
1595 1283 1689 1310 208a

1541 1803 1578 1829 25

1540 2127 1580 2153 30
