1778 2875
73 866 213 893 131920

128 901 208 930 251,

193 1130 211 1155 5

177 1459 213 1485 10

176 1780 211 1805 15

127 1909 166 1935 26
191 1909 213 1934 L

65 2038 89 2065 Β
117 2038 210 2065 192c1

173 2103 213 2129 20

174 2434 213 2461 25

818 705 1062 770 Prologus

346 862 379 899 1.
413 861 652 900 Certamina
683 861 749 900 vel
780 861 977 900 victorias
1009 861 1300 900 excellentium
1333 862 1518 902 virorum
1548 863 1642 902 infi-

234 925 389 964 delium
412 930 509 965 ante
533 926 764 965 adventum
787 925 952 974 Christi,
977 927 1169 977 quamvis
1192 927 1454 966 exstitissent
1475 928 1640 979 pagani,

232 989 390 1030 bonum
433 995 474 1030 et
517 991 618 1030 utile
660 996 723 1030 est
765 991 958 1030 omnibus
1001 990 1246 1030 Christianis
1289 992 1342 1031 ad
1385 992 1642 1032 audiendum

232 1060 274 1094 et
315 1055 631 1106 intelligendum
673 1061 762 1095 tam
804 1056 1001 1107 praelatis
1043 1069 1170 1108 quam
1213 1056 1404 1105 subditis,
1448 1057 1642 1096 videlicet

235 1120 516 1160 saecularibus
551 1126 593 1160 et
629 1120 915 1172 spiritualibus
950 1121 1061 1170 viris,
1099 1122 1196 1172 quia
1232 1126 1404 1160 cunctos
1440 1122 1493 1161 ad
1528 1121 1642 1161 meli-

234 1198 346 1224 orem
384 1191 588 1237 provocat
626 1186 847 1225 actionem.
923 1186 1030 1224 Nam
1068 1186 1230 1237 prelati,
1269 1186 1309 1225 id
1349 1191 1412 1225 est
1448 1191 1641 1235 rectores,

233 1250 406 1301 legendo
440 1255 482 1289 et
515 1251 829 1299 considerando,
865 1251 1222 1302 quemadmodum
1254 1252 1458 1302 praedicti
1490 1251 1644 1303 pagani

232 1315 353 1354 idolis
376 1316 604 1355 servientes
626 1316 808 1366 agebant
832 1329 871 1354 se
896 1320 1007 1354 caste
1031 1320 1073 1355 et
1095 1316 1274 1355 fideliter
1297 1321 1424 1368 atque
1448 1317 1490 1355 in
1512 1317 1643 1356 omni-

232 1380 311 1419 bus
339 1393 379 1420 se
407 1380 829 1432 inreprehensibiliter
858 1381 1151 1429 ostendebant,
1181 1394 1252 1432 per
1280 1394 1424 1420 eorum
1452 1381 1645 1433 exempla

233 1445 441 1484 bonorum
471 1459 644 1497 operum
674 1446 734 1484 ita
764 1450 919 1485 acuant
948 1450 1110 1485 mentes
1140 1458 1247 1494 suaS,
1279 1459 1325 1485 eo
1357 1446 1469 1497 quod
1500 1446 1643 1485 fideles

234 1515 275 1549 et
303 1510 492 1550 membra
520 1510 673 1550 Christi
702 1524 787 1550 esse
816 1511 1026 1560 videntur,
1057 1516 1105 1550 ut
1132 1510 1266 1550 multo
1295 1511 1427 1562 magis
1455 1511 1644 1550 meliores

236 1588 275 1614 se
308 1575 386 1614 illis
418 1576 709 1615 demonstrent
741 1576 781 1614 in
815 1577 1011 1615 castitate
1043 1580 1085 1615 et
1115 1576 1279 1615 iusticia
1311 1581 1438 1627 atque
1471 1576 1642 1627 pietate.

237 1640 423 1679 Subiecti
448 1653 560 1688 vero,
589 1641 629 1679 id
657 1646 719 1680 est
746 1640 897 1679 milites
925 1640 1000 1679 sub
1027 1641 1180 1680 milicia
1207 1641 1440 1690 constituti,
1468 1640 1642 1692 legendo

233 1705 299 1744 vel
336 1706 544 1745 audiendo
582 1705 684 1745 talia
721 1706 951 1745 certamina
987 1710 1029 1745 et
1065 1706 1327 1757 operationes
1365 1706 1644 1744 commilitum

236 1783 418 1819 suorum,
468 1771 539 1822 qui
586 1771 718 1822 magis
765 1770 1041 1810 daemonibus
1089 1783 1215 1822 quam
1263 1770 1339 1809 deo
1386 1770 1642 1819 militabant,

235 1840 396 1875 certent
424 1848 464 1874 se
491 1835 782 1887 prudentiores
810 1835 1027 1875 ostendere
1054 1835 1132 1874 illis
1159 1836 1200 1874 in
1227 1836 1341 1874 omni
1369 1848 1491 1886 opere
1516 1835 1642 1884 bono,

236 1900 343 1939 sicut
370 1900 489 1940 decet
516 1900 720 1939 militibus
737 1900 902 1940 Christi.
940 1901 1048 1939 Nam
1075 1900 1253 1939 dominis
1281 1900 1516 1939 carnalibus
1542 1912 1644 1951 pure

233 1969 276 2004 et
327 1965 505 2004 fideliter
557 1965 786 2004 secundum
837 1970 1109 2016 praeceptum
1159 1965 1337 2016 apostoli
1389 1965 1642 2013 deserviant,

234 2030 310 2069 deo
340 2043 452 2074 vero,
484 2031 661 2069 creatori
690 2043 777 2079 suo,
808 2035 901 2069 tota
930 2035 1070 2069 mente
1099 2030 1159 2069 ita
1191 2030 1406 2069 decertent
1446 2029 1644 2069 famulari

234 2095 508 2134 custodiendo
531 2100 729 2146 precepta
752 2096 851 2143 eius,
874 2095 977 2134 nulli
1000 2107 1201 2146 umquam
1223 2095 1469 2134 violentiam
1492 2094 1644 2134 facien-

234 2165 296 2198 tes
329 2165 404 2199 aut
436 2160 571 2199 aliena
604 2161 853 2208 aulerentes,
889 2160 958 2199 sed
991 2160 1033 2198 in
1066 2172 1141 2199 sua
1173 2159 1413 2198 substantia
1447 2158 1644 2209 (mabun-

233 2224 395 2274 dantes,
422 2225 529 2264 sicut
552 2237 767 2276 precursor
784 2229 826 2264 et
842 2225 1031 2276 baptista
1054 2223 1218 2273 Christi,
1238 2224 1387 2264 beatus
1416 2224 1438 2264 J
1444 2223 1642 2273 ohannes,

233 2289 275 2327 in
313 2290 526 2340 evangelio
565 2290 763 2341 precepit,
801 2303 866 2339 ne,
907 2289 1018 2341 quod
1056 2289 1179 2337 absit,
1218 2289 1439 2328 militando
1478 2288 1643 2328 saeculo

234 2354 466 2393 alienentur
498 2367 522 2393 a
552 2355 702 2393 militia
734 2354 914 2393 caelesti.
975 2354 1091 2393 Licet
1120 2366 1303 2405 namque
1334 2358 1378 2393 et
1408 2353 1644 2405 spirituales

235 2418 424 2458 homines
450 2419 608 2468 audire,
637 2432 743 2471 quae
770 2424 812 2458 et
838 2419 978 2471 qualia
1004 2419 1233 2458 certamina
1258 2418 1325 2458 vel
1351 2431 1478 2470 quam
1503 2417 1643 2468 benig-

335 2494 475 2556 Incipit
494 2513 675 2557 prologus
694 2513 778 2547 libri
799 2513 996 2548 alexandri
1017 2512 1107 2555 (rot)
1130 2512 1197 2547 Ba.
1227 2533 1263 2536 —
1288 2506 1393 2547 Uber
1413 2512 1486 2546 den
1506 2510 1644 2556 Prolog

233 2570 261 2594 s.
290 2559 388 2594 Einl.
420 2561 455 2595 S.
483 2560 579 2601 5ff.;
612 2563 670 2595 33.
699 2582 745 2586 —
775 2563 795 2595 2
823 2560 933 2595 Nach
962 2559 1195 2596 infidelium:
1223 2560 1394 2595 virorum
1420 2559 1566 2604 getilgt.
1603 2578 1639 2582 —-

234 2609 278 2640 18
307 2607 488 2651 apostoli:
521 2610 552 2641 Ι1.
577 2607 678 2641 Petr.
704 2610 737 2649 2,
768 2610 812 2641 13
836 2607 860 2641 f.
895 2628 930 2631 —
961 2609 1005 2642 23
1034 2607 1249 2650 evangelio:
1283 2606 1377 2640 Luk.
1405 2608 1438 2648 3,
1461 2609 1518 2641 14.
