1778 2875
678 136 907 169 ᾖ79ἡ

88 248 190 286 lexit
220 247 436 286 consilium
470 246 672 294 Eschillis‚
705 247 776 298 qui
813 246 932 293 dixit,
972 250 1018 284 ut
1055 245 1314 295 insurgerent
1351 244 1496 282 adver-

92 325 159 351 sus
192 325 300 360 eum,
335 316 377 351 et
412 312 685 350 Demostenes
718 311 838 359 dixit,
872 315 920 349 ut
954 310 1171 349 obedirent
1204 309 1252 348 ei.

199 377 279 416 Sed
303 381 445 415 tamen
470 377 632 427 scripsit
657 376 876 427 epistolam
901 374 1228 413 Atheniensibus
1252 374 1327 412 tali
1351 373 1494 412 modo:

91 441 367 490 „Alexander‚
411 441 519 480 filius
564 441 712 492 Filippi
753 445 881 491 atque
923 439 1182 490 olimpiadis.
1270 439 1497 489 Quousque

91 506 166 545 sub
202 507 366 557 potenti
400 519 528 544 manu
566 505 792 544 Grecorum
827 504 1041 543 humiliem
1077 509 1249 542 cunctos
1283 503 1495 545 barbaros.
1522 511 1539 536 5
1566 509 1604 535 72
1626 510 1649 534 L

91 570 331 610 nullomodo
363 583 573 609 assumam
605 582 757 608 nornen
778 569 895 620 regis.
940 569 1025 618 Ego
1048 569 1190 619 itaque
1213 568 1343 606 direxi
1368 567 1496 609 vobis,

94 640 140 674 ut
173 636 429 674 mandaretis
463 634 563 673 mihi
598 635 739 673 decem
773 633 1013 680 rethoricos,
1050 646 1131 671 non
1167 632 1278 683 quod
1314 632 1498 683 aliquam

92 701 284 739 iniuriam
313 701 547 739 sustineant
574 712 597 738 a
624 712 702 747 me,
733 699 801 737 sed
830 703 877 737 ut
905 698 1082 736 salutem
1111 702 1152 736 et
1180 697 1380 735 honorem
1410 697 1498 735 illos

93 766 200 804 sicut
220 763 490 818 ma[g]istros
536 764 699 803 Credite
721 763 835 811 mihi,
860 764 957 814 quia
992 776 1073 800 non
1111 762 1294 813 cogitavi
1330 762 1499 800 introire

97 835 278 868 vestram
316 830 532 868 civitatem
568 842 663 867 cum
699 828 901 866 militibus
938 828 1052 875 meis,
1091 827 1159 865 sed
1198 832 1367 865 tantum
1406 839 1500 865 cum
1526 835 1561 861 10

94 894 349 946 principibus
391 894 492 932 meis
535 899 661 945 atque
703 892 930 931 rethoricos
974 897 1147 939 vestros,
1193 897 1239 930 ut
1282 891 1500 930 liberarem

94 973 168 998 vos
205 973 254 997 ex
292 960 404 998 omni
441 959 714 1009 suspectione.
790 958 843 996 Et
880 970 954 995 vos
992 957 1247 995 contrarium
1286 956 1500 1005 cogitastis

95 1024 144 1062 de
176 1037 241 1074 me
273 1023 581 1062 manifestando
614 1023 944 1073 indignationem
977 1027 1174 1060 vestram.
1236 1022 1395 1059 Tamen
1426 1020 1501 1059 Co-

95 1088 224 1128 rinthi
253 1093 477 1140 coeperunt
505 1101 702 1139 pugnare,
733 1088 801 1126 sed
831 1088 1002 1137 dignuin
1033 1087 1228 1125 meritum
1256 1090 1502 1137 receperunt

96 1167 119 1193 a
144 1167 223 1192 me.
275 1153 329 1192 Et
354 1166 428 1191 vos
454 1152 646 1191 habendo
677 1153 833 1191 malam
860 1152 1156 1190 conscientiam
1175 1151 1373 1202 culpastis
1388 1150 1502 1189 mihi.
1529 1154 1564 1179 ¹5

96 1218 245 1257 Adhuc
270 1231 353 1256 non
380 1218 624 1265 credidistis,
652 1218 778 1268 quod,
807 1217 838 1255 si
865 1216 1061 1268 quislibet
1087 1230 1136 1255 ex
1164 1216 1282 1254 vobis
1309 1215 1505 1255 erexisset

97 1297 137 1322 se
166 1288 207 1322 et
224 1283 425 1321 voluisset
454 1282 540 1321 fieri
570 1283 795 1333 imperator
824 1283 930 1320 inter
958 1295 1045 1329 vos,
1076 1282 1233 1320 malum
1261 1294 1342 1319 non
1372 1280 1504 1319 reddi-

98 1348 240 1387 deram
264 1347 332 1395 illi,
372 1347 403 1386 si
434 1347 536 1386 bene
568 1347 602 1385 ei
642 1347 935 1398 promisissem.
1010 1346 1177 1394 Audite,
1216 1345 1503 1393 Athenienses,

100 1413 149 1451 de
184 1413 283 1463 ipsis
317 1412 615 1462 gloriosissimis
649 1412 875 1459 rethoricis,
911 1425 1014 1463 quos
1049 1411 1230 1450 habetis:
1299 1411 1389 1449 Non
1424 1411 1505 1448 scio

100 1490 186 1528 ego,
223 1477 432 1529 quomodo
466 1478 507 1516 in
541 1490 700 1527 carcere
736 1477 900 1515 habetis
926 1476 1101 1523 Euclidi,
1128 1477 1224 1527 quia
1249 1476 1365 1514 dedit
1388 1475 1508 1513 vobis
1530 1477 1569 1504 20

102 1543 259 1581 bonum
296 1542 524 1581 consilium.
594 1540 829 1593 Ypostheni
866 1542 1070 1592 persecuti
1107 1541 1218 1587 estis,
1257 1541 1354 1592 quia
1390 1540 1505 1579 dedit
1534 1543 1555 1569 Β
1582 1542 1677 1569 203b

100 1607 218 1646 vobis
261 1607 476 1645 consilium
517 1607 773 1646 salvationis.
857 1607 1072 1645 Socratem
1114 1606 1394 1654 interfecistis,
1437 1605 1507 1656 qui

102 1672 182 1710 fuit
201 1672 350 1711 ductor
369 1676 518 1710 vester.
575 1673 629 1711 Et
651 1672 861 1723 quomodo
882 1670 1184 1722 reprehenditis
1204 1671 1506 1717 Alexandrum,

102 1737 199 1788 quia
239 1736 425 1775 abstraxi
468 1737 755 1787 Strasagoram
797 1737 846 1775 de
888 1737 1126 1787 principatu
1167 1748 1253 1783 suo,
1297 1736 1366 1787 qui
1407 1734 1506 1773 mihi
1530 1738 1607 1766 731.

103 1801 321 1852 culpavit?
351 1802 408 1839 At
439 1807 581 1841 tamen
613 1807 752 1841 totum
783 1801 859 1840 hoc
891 1802 1076 1840 finiatur.
1138 1801 1344 1839 Promitte
1375 1800 1507 1847 vobis,
1530 1810 1568 1837 25

103 1867 199 1918 quia
222 1866 338 1905 dedit
358 1866 476 1905 vobis
499 1867 714 1906 consilium
734 1868 1007 1905 Demostenes
1029 1866 1078 1905 de
1101 1866 1332 1905 salvatione
1356 1869 1507 1911 vestra,

103 1935 144 1970 et
176 1944 250 1969 vos
284 1931 436 1970 fecistis
468 1931 581 1971 illud.
642 1932 806 1970 Amodo
840 1931 1134 1969 confortamini
1166 1935 1208 1969 et
1240 1930 1342 1969 salvi
1375 1934 1509 1968 eston·

103 1996 260 2035 nullam
311 1997 650 2036 contrarietatem
701 1997 953 2035 sustinentes
1004 2009 1027 2034 a
1077 1997 1182 2034 meff‘

211 2061 248 2099 6.
289 2060 390 2099 lnde
437 2066 606 2112 accepta
645 2062 794 2100 militia
831 2074 905 2100 sua
942 2061 1124 2111 perrexit
1162 2060 1508 2099 Lacedemonam.

104 2125 320 2164 Consiliati
355 2130 452 2165 sunt
485 2127 592 2165 inter
627 2139 667 2164 se
702 2125 1013 2165 Lacedemonii:
1049 2126 1294 2176 recipiemus
1329 2137 1423 2163 eum
1459 2136 1511 2162 an
1532 2134 1573 2161 30

199 2223 216 2254 1
239 2220 428 2255 Eschillis:
445 2221 612 2264 gemeint
633 2221 681 2254 ist
704 2221 921 2254 Aeschines.
946 2241 981 2244 ἢ
1001 2223 1020 2254 2
1040 2220 1311 2254 Demosthenis
1334 2219 1397 2263 qui
1414 2218 1513 2252 dixit

106 2267 171 2301 La.
197 2287 232 2290 —
255 2269 275 2300 4
294 2270 428 2311 atque:
445 2247 524 2312 Datq
552 2268 651 2302 k.orr
672 2268 728 2302 Ba
756 2268 875 2302 durch
895 2267 1045 2301 Rasur
1039 2278 1075 2301 in
1095 2269 1171 2301 ato.
1198 2288 1233 2290 —
1256 2268 1301 2301 13
1321 2265 1510 2300 Corinthi.

105 2315 129 2348 ὑ
143 2327 173 2358 μ
187 2318 249 2348 ὧι
275 2314 316 2348 (δὲ
344 2315 665 2359 πολεμουμέμων
695 2316 714 2349 ὑ
728 2329 757 2349 π
771 2315 789 2349 ὸ
818 2316 887 2349 Κο
901 2328 920 2358 ρ
937 2328 978 2348 ιι
972 2315 1039 2349 z9c
1058 2328 1088 2348 ω
1102 2327 1141 2356 v,
1170 2313 1391 2353 Μακεδόνες
1414 2313 1513 2356 σύα-

107 2374 228 2406 μαχοι
273 2362 386 2405 ύμῶι
432 2362 632 2406 γενόμενοι
676 2363 870 2406 ἀπήλασαν
906 2362 1155 2405 Κορινθίους.
1200 2382 1236 2385 -
1284 2363 1329 2394 16
1376 2344 1513 2395 Adhuc

106 2418 181 2442 non
209 2436 240 2442 ..
293 2409 565 2452 promisissem:
596 2420 624 2443 s.
646 2409 744 2443 Einl.
767 2412 799 2444 3.
828 2430 863 2433 —
888 2410 931 2442 19
953 2409 1040 2443 Non
1061 2409 1184 2443 nescio
1207 2409 1271 2442 La.
1300 2429 1335 2431 —
1360 2409 1405 2441 20
1426 2417 1513 2441 eum

106 2455 193 2490 clidi
216 2437 290 2496 Ba3
315 2456 540 2501 Εὐκλείδης.
569 2477 605 2480 —
631 2459 672 2491 21
708 2456 914 2500 upostheni
946 2456 1020 2497 Ba3
1044 2455 1345 2490 Demosthenem
1377 2454 1516 2497 richtig

106 2502 181 2545 Va;
207 2514 235 2537 s.
262 2503 360 2536 Einl.
387 2505 443 2537 19.
465 2506 561 2537 -22
587 2506 775 2538 socrotem
803 2504 870 2537 Ba.
893 2524 928 2527 —
947 2506 989 2538 27
1018 2502 1288 2537 confortamini
1314 2502 1350 2535 in
1376 2502 1512 2535 Rasur.

138 2599 144 2605 ι
199 2552 239 2631 g.
261 2550 319 2592 [Zi
345 2553 429 2592 170,
452 2553 608 2592 7—172,
636 2552 673 2593 5]
696 2553 739 2585 29
767 2550 1058 2585 lacedomonam
1083 2549 1149 2583 Ba.
1175 2570 1211 2573 —
1231 2551 1275 2582 30
1300 2548 1514 2583 lacedemo-

110 2609 172 2644 nie
235 2608 267 2631 a.
