1778 2875
741 126 967 160 -57-

149 241 281 276 tatem
305 237 456 277 caballi
478 238 642 288 aperuit
665 237 893 277 cancellum
917 242 959 276 et
982 238 1118 289 coepit
1140 243 1358 277 mansuete
1381 242 1551 290 tangere

149 301 317 341 dorsum
348 303 434 341 eius
463 314 591 341 manu
621 302 807 342 dextera.
868 302 1022 341 Statim
1053 302 1238 342 caballus
1269 303 1406 354 eoepit
1435 315 1550 342 man-

148 379 332 406 suescere
367 367 564 418 amplius;
601 372 650 406 ut
685 380 778 406 oum
815 367 983 418 quando
1018 367 1233 407 blanditur
1269 368 1438 407 domino
1474 373 1608 407 suo44
1635 374 1657 399 L

149 431 275 481 oanis,
306 432 362 470 sio
390 436 433 471 et
460 431 524 471 ille
553 431 798 471 blandiebat
825 432 1078 471 Alexandro.
1136 432 1250 471 Inter
1278 431 1380 471 haeo
1409 438 1551 472 autem

148 496 336 536 ascendit
365 509 486 548 super
514 509 609 535 eum
638 501 680 535 et
707 496 936 547 equitando
965 497 1067 535 exiit
1095 497 1218 536 foras.
1274 497 1378 536 Cum
1407 502 1550 536 autem
1569 509 1588 536 5

148 561 321 600 vidisset
357 574 451 600 eum
490 561 717 612 Philippus,
756 561 880 600 dixit:
955 561 1059 609 „Fili
1095 561 1346 610 Alexander,
1385 574 1550 602 omnem

148 625 451 665 divinationem
482 625 606 664 modo
638 626 813 676 cognovi
843 626 883 664 in
914 630 968 673 te,
1001 627 1098 677 quia
1129 631 1175 665 tu
1206 626 1331 665 debes
1362 627 1450 665 fieri
1479 640 1551 666 rex

149 696 246 741 post
274 704 411 730 meam
440 691 660 729 mortem.“

259 755 318 794 18.
356 756 468 794 Inter
502 754 602 794 haeo
635 760 777 794 autem
812 756 947 794 sactus
981 761 1043 794 est
1075 756 1312 795 Alexander
1346 769 1548 796 annorum

149 820 384 872 quindecim
415 825 457 859 et
485 820 591 859 dixit
619 820 671 859 ad
703 819 960 871 Philippum:
1019 821 1185 869 „Pater,
1217 821 1249 859 si
1278 826 1418 872 potest
1447 822 1549 870 fieri,
1577 826 1611 854 10

148 885 276 936 dirige
312 898 377 924 me
415 885 626 924 sedentem
665 885 705 924 in
744 886 906 924 ourru.“
983 886 1182 936 Dixitque
1220 886 1276 924 illi
1316 885 1549 937 Philippus:

150 950 359 998 „Gratum
400 950 570 1001 aooipio,
614 950 684 997 fili,
727 949 919 1001 daboque
961 950 1037 988 tibi
1079 950 1260 989 caballos
1301 956 1469 990 centum
1511 956 1552 990 et

149 1015 427 1066 quadraginta
455 1015 562 1054 dena
590 1015 703 1053 milia
732 1028 951 1054 aureorum
982 1015 1220 1063 solidorum,
1251 1021 1293 1054 et
1322 1016 1428 1055 vade
1457 1029 1551 1055 oum

147 1079 258 1119 bono
300 1079 495 1119 auxilio.“
580 1080 724 1118 Exivit
765 1080 952 1119 deferens
994 1093 1132 1119 seeum
1175 1086 1469 1131 paramentum
1511 1086 1553 1120 et

149 1145 389 1196 precipienS,
433 1149 481 1183 ut
522 1144 739 1183 mitterent
782 1145 968 1184 studium
1012 1145 1061 1184 de
1105 1145 1286 1193 caballis,
1331 1159 1411 1184 una
1456 1159 1549 1185 eum
1578 1157 1601 1182 Β
1630 1157 1686 1183 196
1705 1165 1721 1183 c

150 1210 307 1248 Efestio
345 1208 604 1260 philosopho,
634 1210 767 1248 amieo
795 1223 888 1258 suo;
918 1211 1110 1249 veniente
1138 1211 1279 1261 itaque
1307 1211 1347 1249 in
1378 1211 1550 1262 Polopo-

150 1275 284 1322 ninsu,
325 1279 372 1313 ut
411 1275 565 1313 faceret
596 1287 779 1325 pugnam
813 1288 905 1313 (rum
946 1275 1131 1323 Nieolao,
1159 1288 1250 1326 rege
1289 1276 1417 1326 ipsius
1457 1289 1548 1327 pro-

150 1340 324 1388 vintiae:
363 1339 434 1378 ubi
470 1344 611 1378 autern
649 1339 756 1378 vidit
792 1352 886 1378 eum
926 1340 1120 1379 Nieolaus
1157 1354 1241 1389 rex,
1280 1341 1405 1380 dixit:
1445 1342 1552 1389 „Dio

148 1404 262 1452 mihi,
293 1405 384 1455 quis
413 1417 454 1443 es
484 1410 529 1442 tu
546 1405 589 1442 ?“
647 1405 720 1443 Cui
750 1404 833 1443 ille:
892 1405 1008 1455 „Ego
1039 1418 1128 1444 sum
1159 1405 1408 1453 Alexander,
1441 1406 1550 1444 filius

150 1468 370 1520 Philippi.“
424 1469 498 1508 Cui
528 1469 739 1508 Nioolaus:
771 1470 938 1520 „Quem
966 1484 1105 1520 speras
1133 1484 1196 1509 me
1214 1471 1257 1508 ’9“
1316 1471 1431 1509 Dixit
1458 1471 1549 1509 Ale-
1571 1481 1610 1508 20

148 1534 323 1573 xandor:
344 1534 433 1581 „Tu
454 1547 495 1572 es
519 1534 726 1581 Nioolaus,
749 1548 818 1573 rex
837 1535 1126 1573 Arideorumf‘
1171 1536 1276 1573 Item
1295 1536 1550 1574 Alexander:

151 1599 272 1647 „Non
302 1599 484 1637 elevetur
515 1612 582 1637 eor
612 1604 732 1637 tuum
762 1600 802 1637 in
833 1600 1038 1650 superbia,
1070 1601 1166 1651 quia
1196 1600 1324 1639 habes
1354 1600 1551 1639 honorem

148 1664 325 1714 regalem
361 1677 482 1714 super
518 1669 571 1702 te.
643 1664 756 1703 Solet
791 1665 900 1703 enim
938 1665 1111 1703 inveniri
1148 1666 1186 1703 in
1224 1665 1408 1704 humano
1445 1666 1550 1713 satu,

149 1728 316 1779 quando
341 1729 471 1767 maior
496 1729 710 1779 perveniet
734 1729 785 1767 ad
812 1729 1065 1780 parvitatem
1091 1735 1129 1768 et
1158 1744 1312 1780 parvus
1337 1731 1551 1781 perveniet
1575 1741 1614 1768 45
1642 1742 1664 1767 L

149 1793 200 1832 ad
238 1793 611 1843 magnitudinem.“
684 1794 757 1833 Cui
797 1794 1008 1833 Nicolaus:
1049 1795 1189 1841 „Bene
1227 1795 1382 1843 dixisti,
1421 1800 1553 1834 temet
1577 1802 1594 1828 2

250 1888 306 1922 18.
329 1887 385 1929 [Zi
413 1889 494 1928 141,
521 1890 703 1929 415ἠ142,
730 1891 794 1929 213
824 1888 897 1921 Leo
917 1889 999 1929 529
1021 1888 1291 1931 221140,18]
1322 1892 1340 1923 {³
1364 1899 1551 1935 annorum

149 1933 279 1978 quind.
292 1947 299 1969 :
314 1944 354 1967 so
367 1935 399 1968 A
414 1934 469 1968 Va
486 1935 537 1979 Sy
550 1936 620 1975 Ar3
634 1935 727 1969 fehlt
746 1935 774 1968 B
790 1936 858 1969 (21,
874 1935 942 1979 By.
967 1957 999 1959 -
1022 1938 1062 1969 12
1080 1935 1265 1980 Daboque
1279 1938 1369 1971 eto:
1388 1936 1552 1971 Ahnlich

149 1991 220 2015 nur
246 1980 316 2024 Sy:
348 1982 492 2023 „nimm
518 1982 576 2016 dir
603 1983 741 2025 vierzig
765 1983 961 2025 geschulte
988 1982 1120 2017 Fullen
1147 1983 1225 2017 und
1251 1983 1400 2027 sechzig
1426 1984 1554 2018 Rader

148 2028 225 2062 und
249 2028 393 2071 Wagen
416 2029 493 2062 und
521 2030 717 2063 (jeschirre
742 2030 817 2063 und
843 2030 984 2063 Zi‘iunie
1102 2030 1187 2065 Und
1211 2030 1349 2064 behufs
1370 2031 1436 2065 der
1458 2032 1552 2064 Aus-

147 2074 270 2118 gaben
292 2075 410 2109 nimm
433 2076 491 2109 dir
512 2077 773 2111 zehntausend
800 2078 1007 2111 Darikenf‘
1053 2078 1118 2111 Die
1140 2078 1176 2111 in
1202 2091 1232 2112 ω
1253 2077 1436 2112 stehende
1458 2079 1552 2112 Ant-

147 2124 243 2156 wort
280 2122 511 2164 (Alexander
546 2123 643 2157 habe
679 2124 796 2158 solbst
834 2124 982 2165 Pferde,
1018 2124 1077 2158 die
1113 2135 1152 2158 or
1187 2124 1266 2159 sich
1302 2125 1550 2168 aufgezogen)

148 2168 243 2202 fehlt
277 2168 336 2203 bei
375 2169 460 2204 Leo.
493 2191 526 2193 u
557 2173 600 2204 1'1
638 2171 787 2206 Exivit:
828 2172 920 2205 Hier
953 2172 1002 2205 ist
1026 2172 1205 2206 ἀπελθών
1240 2172 1304 2206 ἐπὶ
1332 2173 1394 2206 τὸν
1420 2173 1555 2216 λιμένα

149 2216 201 2257 (in
223 2216 488 2259 Macedonien)
521 2218 597 2251 und
617 2219 788 2257 ἐξελθών
808 2219 893 2260 (aus
919 2218 1005 2252 dem
1028 2218 1151 2253 Schiff
1171 2218 1268 2254 nach
1289 2218 1355 2253 der
1373 2219 1554 2253 Ankunft

149 2264 186 2297 in
202 2263 316 2305 Pisa),
334 2274 411 2298 was
424 2263 472 2297 Ps
487 2264 583 2308 gibt,
598 2265 1026 2309 zusammengessossem
1043 2265 1102 2299 die
1116 2265 1293 2299 Ankunft
1309 2266 1346 2299 in
1360 2266 1447 2300 Pisa
1459 2266 1553 2301 wird

150 2311 207 2344 bei
232 2310 305 2344 Leo
328 2311 433 2345 nieht
453 2312 638 2346 erwahnt.
674 2314 715 2346 ut
737 2313 935 2347 mitterent
956 2314 1027 2347 eto.
1050 2313 1173 2347 findet
1187 2315 1265 2347 erst
1287 2313 1383 2347 nach
1399 2313 1465 2347 der
1476 2314 1553 2348 An-

149 2357 263 2391 kunft
307 2358 344 2391 in
382 2358 466 2392 Pisa
508 2361 624 2394 statt:
661 2360 842 2394 ἐκέλευσε
878 2364 957 2399 τοῖς
993 2360 1211 2404 θεράπουσι
1248 2361 1427 2404 γενέσθαι
1463 2361 1553 2404 περὶ

149 2405 212 2449 τὴν
264 2408 339 2438 τῶν
386 2405 516 2440 ἵππων
563 2407 785 2450 ἐπιμέλειαν
837 2408 882 2448 A,
933 2407 1086 2441 alinlioh
1131 2421 1172 2442 ω.
1216 2428 1250 2431 -
1291 2409 1335 2442 16
1387 2407 1551 2443 Efestioz

149 2463 177 2485 s.
207 2451 305 2485 Einl.
337 2453 393 2485 19.
429 2473 464 2476 —
494 2454 540 2487 16
568 2454 748 2487 veniente
785 2454 960 2495 a=1011.12‚
981 2453 1021 2487 J³
1052 2454 1147 2493 (also
1178 2454 1275 2488 auch
1298 2454 1350 2496 J1,
1380 2454 1552 2498 obgleich

149 2498 190 2532 Zi
211 2501 294 2540 141,
323 2501 366 2532 22
397 2499 579 2535 veniens».
603 2521 639 2524 —
659 2502 703 2535 16
733 2500 1012 2545 Poloponinsu:
1044 2511 1070 2535 s.
1097 2501 1194 2535 Einl.
1218 2504 1276 2536 19.
1301 2522 1336 2525 —
1358 2503 1400 2536 21
1420 2501 1552 2536 Aride-

148 2555 276 2581 orum:
297 2556 324 2579 S.
346 2545 443 2580 Einl.
459 2546 533 2580 22f.
560 2567 595 2571 —-
619 2548 662 2581 25
684 2550 871 2582 temet...
898 2549 966 2582 inr.
987 2550 1063 2582 est:
1084 2548 1181 2582 fehlt
1200 2549 1239 2582 in
1260 2560 1309 2590 ω·,
1330 2559 1401 2582 nur
1417 2549 1447 2582 B
1462 2549 1489 2583 C
1505 2548 1550 2582 L:

153 2593 329 2632 ὑπονοεῖς
365 2593 406 2626 ὁὲ
435 2594 508 2638 οὐχ
537 2594 676 2634 οὕτως.
713 2595 782 2629 Die
809 2596 988 2629 Antwort
1016 2595 1252 2630 Alexanders
1280 2596 1317 2629 in
1349 2609 1379 2630 ω
1403 2595 1551 2630 anders.
