1778 2875
105 776 128 800 B
155 774 248 801 2o3c

217 841 253 867 10

226 971 246 995 L

215 1166 250 1192 15

211 1821 249 1848 25

868 142 1094 172 *80ss

275 264 357 288 non
374 252 389 288 ζ’
430 249 510 288 Alii
540 250 738 288 dixerunt
768 255 895 301 atque
926 256 1180 299 statuerunt,
1218 256 1265 289 ut
1303 252 1544 291 nullomodo
1583 252 1681 291 reci-

276 318 422 365 perent
453 327 561 362 eum,
595 314 792 363 dicentes,
826 316 941 366 quia:
993 329 1096 363 „nos
1128 316 1279 355 similes
1310 329 1452 355 sumus
1483 316 1682 356 inbecillis

274 379 631 418 Atheniensibus?
680 380 962 419 Ustendamus
989 380 1190 419 virtutem
1214 386 1403 420 nostram
1428 381 1681 430 Alexandro,

276 445 373 495 quia
409 457 492 482 non
529 457 672 482 sumus
709 445 860 483 similes
895 445 1234 494 Atheniensibus,
1273 446 1342 497 qui
1378 446 1682 485 dubitaverunt

281 522 375 547 eum
389 522 436 548 eo
450 509 550 547 inire
561 512 788 560 pugnam.“
806 510 1053 549 Clauserunt
1064 515 1205 561 portas
1216 511 1545 550 etascenderunt
1554 524 1682 550 naves

273 579 314 612 et
339 578 698 625 praeparaverunt
723 588 762 613 se
788 575 823 612 ei
848 575 899 613 ad
925 587 1110 626 pugnam
1145 580 1346 614 exeuntes
1372 576 1541 614 obviam
1567 576 1603 615 ei
1629 576 1680 615 ad

274 640 371 677 litus
386 639 523 687 maris,
540 640 637 690 quia
652 639 743 689 plus
757 644 876 678 erant
890 640 1043 690 cogniti
1059 641 1227 679 classico
1239 640 1346 679 bello
1362 653 1489 691 quam
1504 645 1680 680 terreno.

385 704 464 743 Ubi
503 704 607 742 vidit
640 703 716 742 hoe
750 705 999 753 Alexander,
1034 705 1185 744 direxit
1218 705 1295 743 illis
1328 705 1548 756 epistolam
1581 705 1681 744 talia

275 770 468 808 dicendo:
518 770 612 817 „Do
638 769 757 807 vobis
784 769 1013 818 eonsilium,
1041 775 1088 808 ut
1114 771 1361 809 custodiatis
1388 770 1527 818 fidem,
1555 783 1681 822 quam

276 834 493 885 accepistis
534 834 586 873 ab
629 834 959 873 antecessoribus
1000 835 1244 885 parentibus
1284 835 1446 873 vestris.
1529 835 1570 874 Si
1611 848 1682 886 per

274 899 564 937 fortitudinem
608 899 852 938 desideratis
896 900 1086 949 gaudere,
1132 905 1232 939 tune
1277 900 1523 939 ostendatur
1566 900 1681 939 forti-

274 964 377 1002 tudo
407 969 560 1011 vestra,
592 964 760 1015 quando
791 964 903 1015 digni
935 967 1048 1013 (non)
1080 966 1178 1004 estis
1208 978 1230 1003 a
1260 978 1324 1003 me
1354 965 1457 1004 bene
1486 966 1680 1016 recipere.

275 1030 393 1067 Nunc
432 1034 574 1067 autem
614 1029 741 1067 nolite
781 1029 997 1068 ostendere
1036 1030 1208 1080 gloriam
1247 1035 1445 1078 vestram,
1485 1043 1535 1069 ne
1575 1030 1681 1069 forte

271 1094 634 1145 reprehensionem
666 1107 716 1132 ex
749 1094 867 1132 vobis
900 1094 998 1145 ipsis
1030 1095 1268 1146 acquiratis,
1303 1108 1397 1132 cum
1430 1095 1576 1133 vicerit
1607 1108 1682 1134 vos

272 1159 521 1198 Alexander.
581 1159 659 1197 Pro
690 1172 771 1210 quo
801 1172 899 1209 rogo
929 1172 1017 1207 vos,
1049 1164 1096 1198 ut
1124 1160 1283 1198 exeatis
1312 1160 1361 1198 de
1392 1161 1481 1210 ipsa
1510 1160 1680 1199 navidia

272 1229 413 1263 vestra
444 1237 514 1275 per
545 1229 729 1263 vestram
761 1225 1040 1272 voluntatem,
1072 1229 1169 1264 ante
1200 1238 1326 1276 quam
1358 1226 1474 1263 focus
1503 1225 1682 1276 turpiter

273 1290 396 1328 eiciat
429 1302 504 1327 vos
536 1289 726 1327 exinde.‘'

380 1354 484 1393 Cum
525 1358 667 1392 autem
707 1354 901 1404 legissent
941 1355 997 1393 illi
1037 1354 1143 1393 hane
1183 1355 1416 1406 epistolam,
1459 1355 1681 1393 noluerunt

272 1420 532 1470 acquiescere
561 1419 699 1457 verbis
727 1419 847 1467 illius,
877 1425 939 1458 set
967 1424 1297 1471 preparaverunt
1327 1432 1366 1457 se
1395 1420 1446 1458 ad
1476 1432 1679 1470 pugnam;

272 1485 562 1535 impetumque
592 1484 690 1522 fecit
719 1497 840 1535 super
868 1497 937 1523 eos
965 1485 1200 1523 Alexander
1229 1497 1323 1523 cum
1353 1485 1435 1523 suis
1464 1483 1679 1523 militibus.

272 1549 353 1587 Alii
384 1562 481 1587 vero
512 1549 720 1587 vulnerati
752 1549 960 1588 cadebant
990 1563 1060 1601 per
1090 1562 1277 1597 murum,
1309 1549 1365 1587 illi
1394 1561 1506 1597 vero,
1539 1549 1609 1600 qui
1639 1549 1681 1587 in

272 1614 451 1652 navibus
489 1614 704 1662 sedebant,
744 1614 964 1653 devoravit
1001 1628 1069 1653 eos
1106 1615 1222 1665 ignis,
1263 1627 1386 1665 quem
1425 1614 1522 1653 fecit
1559 1627 1680 1664 super

270 1692 338 1717 eos
377 1679 608 1727 inmittere3
660 1679 850 1730 quivero
872 1680 1179 1731 superfuerunt,
1219 1684 1426 1718 venerunt
1464 1679 1516 1718 ad
1556 1679 1680 1730 pedes

270 1744 499 1783 Alexandri
545 1744 807 1795 deprecando
852 1745 1177 1784 misericordiam
1224 1744 1343 1792 illius,
1391 1749 1438 1783 ut
1482 1756 1567 1782 non
1612 1756 1680 1782 eos

273 1810 521 1860 captivaret.
618 1809 778 1860 Quibus
825 1810 950 1849 dixit:
1000 1810 1131 1859 „Veni
1176 1814 1441 1858 mansuetus,
1488 1808 1680 1847 noluistis

271 1887 337 1912 me
354 1875 546 1925 recipere.
580 1874 683 1913 Cum
702 1879 843 1913 autem
863 1880 1151 1914 concrematae
1170 1875 1339 1913 fuerunt
1356 1887 1485 1913 naves
1501 1878 1678 1921 vestrae,

271 1939 516 1990 postulastis
547 1939 886 1979 misericordiam.
944 1941 1103 1979 Tamen
1132 1952 1215 1977 non
1245 1939 1503 1991 reprehendo
1534 1951 1608 1977 vos
1638 1938 1679 1977 in

271 2003 360 2052 hoe,
405 2005 503 2055 quia
545 2005 717 2055 proinde
762 2005 915 2043 fecistis
956 2006 1161 2056 impetum
1204 2017 1325 2055 super
1367 2017 1432 2042 me
1474 2003 1679 2055 sperando

272 2082 346 2107 vos
373 2069 506 2107 facere
533 2068 647 2117 mihi,
677 2082 801 2120 quem
829 2070 880 2109 ad
908 2070 1081 2109 modum
1110 2070 1277 2108 Xerxen
1306 2069 1479 2117 fecistis,
1508 2073 1570 2107 set
1596 2080 1679 2106 non

364 2143 382 2174 2
416 2140 598 2181 dicentes,
631 2141 738 2184 quia:
762 2141 850 2184 quia
884 2158 926 2168 Ξ
957 2140 1216 2175 deklaratives
1250 2142 1320 2175 ὅτι.
1366 2161 1401 2164 —
1437 2143 1455 2174 2
1489 2139 1578 2183 quia
1609 2149 1677 2173 nos

268 2187 408 2221 similes
438 2198 570 2221 sumus
604 2188 803 2222 Inbecilles
843 2187 1133 2222 atheniensibus
1180 2188 1431 2222 ostendamus
1467 2186 1540 2227 Ba;
1576 2186 1675 2220 korr.

270 2235 332 2275 Pf3
357 2235 445 2278 quia
470 2245 536 2268 nos
570 2245 644 2268 non
678 2246 811 2268 sumus
841 2235 1067 2276 imbecilles;
1100 2235 1351 2269 ostendamus
1382 2245 1499 2269 verm.
1534 2234 1598 2268 La.
1638 2255 1673 2257 -Δ

269 2284 288 2314 6
319 2283 541 2328 ppaverunt
571 2282 638 2315 Ba.
688 2303 722 2306 -
769 2286 814 2316 10
847 2283 883 2317 Si
913 2293 979 2326 per
1006 2282 1273 2316 fortitudinem
1304 2285 1394 2317 etc:
1425 2293 1452 2315 s
1484 2280 1582 2315 Einl.
1613 2284 1676 2316 23:

270 2330 321 2362 Ar
347 2329 500 2372 richtig:
530 2329 571 2363 τὸ
597 2329 637 2363 δὲ
682 2330 883 2374 ῃχαίρειψ*
924 2330 1045 2373 λέγεια
1083 2330 1243 2373 ὕστεροι
1269 2334 1389 2374 μενεῖ,
1435 2329 1581 2374 ἤιπερ
1614 2329 1678 2373 ἦτε

268 2377 368 2415 ἄξιοι
394 2377 457 2409 τὸν
483 2380 551 2411 τοῦ
579 2376 727 2421 χαίρειν
751 2377 956 2421 ἀσπασμὸν
976 2377 1295 2421 παραλαμβάνειν.
1336 2378 1434 2411 ὥστε
1450 2381 1530 2419 οὐν,
1554 2375 1676 2421 ὠγεν-

271 2427 365 2457 ιαῖοι
402 2424 608 2481 πολεμικρὶ
645 2437 708 2457 και
750 2424 936 2468 ἀηττητοι,
973 2425 1096 2468 ὁρᾶτε,
1143 2436 1285 2468 μηπως
1321 2428 1388 2458 νῦι
1423 2424 1677 2469 καθαιρεθῆτε

269 2481 332 2513 της
369 2470 492 2514 ὁόξης.
553 2471 650 2510 ἴσως
686 2471 807 2506 8⁵26&st
797 2472 929 2506 ασθαι
964 2471 1194 2515 βουλόμειοι
1233 2476 1311 2511 τοῖς
1350 2471 1577 2515 4θηιαίοις
1615 2471 1677 2505 τὸι

269 2518 454 2561 σθεναρὸν
493 2519 619 2562 ὑμῶν,
660 2518 727 2552 ’ὑπ’
766 2519 894 2552 αὐτῶν
934 2519 1315 2563 καταγελασθησεσθε
1350 2519 1571 2563 ηττηθέντες
1607 2518 1675 2552 ὑπ

270 2564 542 2609 Ἀλεξάνὸρου,
580 2586 614 2588 -
652 2568 695 2599 12
740 2576 814 2599 non
844 2566 929 2608 tilgt
963 2566 1014 2599 La
1047 2566 1143 2599 nach
1170 2566 1221 2600 .J¹.
1252 2587 1286 2590 *-
1318 2568 1357 2601 19
1387 2566 1464 2599 und
1493 2569 1537 2601 29
1559 2567 1617 2600 set
1639 2565 1675 2599 in

271 2612 332 2645 sed
356 2611 453 2645 korr.
479 2613 545 2646 Ba.
