1778 2875
845 101 1070 133 -43,

79 216 104 242 Β
128 215 187 244 193
207 216 227 242 d
250 210 495 259 Oxidrakes,
530 210 806 261 Lampasidri,
840 210 1008 259 Lisanii,
1044 209 1262 262 Bosphori,
1295 210 1437 262 Arghi,
1471 210 1654 261 Chaldei,

250 275 385 315 Sarbii
413 280 540 326 atque
567 273 823 326 Agriophagi
850 280 892 314 et
920 280 1104 326 quantae
1132 279 1275 326 gentes
1303 281 1401 315 sunt
1429 276 1470 314 in
1498 276 1656 315 oriente

246 344 496 391 magnaexet
529 339 614 378 sine
646 340 862 378 numero.“
929 340 1018 378 Hoc
1049 340 1224 379 dicendo
1257 340 1448 392 princeps
1480 340 1656 380 miliciae

247 404 416 444 subrisit
445 404 715 443 Nectanabus
742 408 783 443 et
810 404 935 443 dixit:
978 405 1068 454 „Tu
1096 405 1207 443 enim
1244 405 1491 454 custodiam,
1529 417 1657 456 quam

203 475 222 503 5
248 469 327 508 tibi
356 469 490 518 credo,
514 469 618 508 bene
650 473 691 507 et
728 469 948 520 vigilanter
980 469 1176 518 observa,
1208 474 1253 509 at
1281 474 1423 509 tamen
1444 482 1529 509 non
1550 470 1658 509 sicut

247 535 365 573 miles
393 546 639 585 responsum
670 534 835 582 dedisti,
867 534 936 573 sed
968 535 1075 573 sicut
1105 534 1285 586 pavidus
1315 533 1455 573 homo.
1512 535 1657 574 Virtus

248 599 357 638 enim
388 612 473 638 non
504 604 624 650 paret
654 599 695 637 in
727 599 998 638 multitudine
1029 599 1174 650 populi
1195 599 1266 638 sed
1298 599 1340 638 in
1361 599 1655 651 promptitate.

248 665 315 703 An
349 664 494 712 nescis,
533 664 631 715 quia
666 676 773 702 unus
808 663 871 702 leo
907 664 1062 703 multos
1099 677 1242 703 cervos
1277 664 1540 716 persequitur
1556 664 1600 703 ?“

138 735 173 763 31
203 735 226 762 L
357 729 394 768 3.
433 729 547 768 Haec
582 729 721 768 dicens
755 741 944 767 reversus
979 734 1042 768 est
1075 729 1117 768 in
1152 729 1361 780 palacium
1396 733 1438 768 et
1472 729 1658 780 precepit

190 799 227 828 10
251 794 458 842 omnibus,
495 798 543 832 ut
577 794 739 832 exirent
774 793 882 832 inde.
962 794 1033 832 Ille
1069 799 1211 833 autem
1233 794 1342 832 solus
1364 793 1463 832 tulit
1484 806 1657 832 concam

248 871 360 910 aqua
386 859 566 910 plenam,
593 859 766 897 mittens
782 858 839 897 ibi
858 859 1028 898 navidia
1045 872 1173 907 cerea,
1197 865 1342 897 tenens
1364 859 1405 897 in
1427 871 1556 897 manu
1577 858 1658 897 vir-

246 936 342 975 gam
360 924 523 975 palmae
540 928 581 962 et
598 923 699 962 totis
715 923 872 962 viribus
887 923 1100 963 incantare
1114 924 1251 975 coepit
1264 928 1306 962 et
1317 923 1500 974 respexit
1515 924 1556 962 in
1569 923 1660 974 ipsa

249 1001 395 1027 conca:
424 988 546 1037 vidit,
575 989 673 1039 quia
699 988 756 1027 dii
783 988 1062 1039 Egyptiorum
1090 988 1384 1039 gubernabant
1410 988 1452 1027 in
1478 988 1659 1027 navibus

247 1053 536 1092 barbarorum.
591 1053 747 1093 Statim
772 1054 877 1092 rasit
904 1052 981 1092 sibi
1009 1059 1137 1104 caput
1164 1058 1205 1092 et
1231 1053 1421 1101 barbam,
1449 1057 1498 1092 ut
1524 1057 1659 1092 trans-

191 1125 226 1152 15
250 1118 451 1169 figuraret
477 1131 538 1167 se3
564 1118 664 1157 tulit
689 1131 851 1167 aurum,
879 1123 1087 1169 quantum
1113 1123 1279 1169 portare
1305 1119 1459 1169 potuit,
1485 1122 1527 1156 et
1552 1117 1660 1168 fugit

248 1183 299 1222 de
332 1183 486 1234 Egipto
517 1196 589 1234 per
622 1183 832 1222 Pelusium
863 1183 1040 1222 induens
1071 1196 1112 1222 se
1142 1183 1250 1222 linea
1280 1183 1549 1231 vestimenta,
1581 1181 1660 1222 hoc

249 1253 312 1288 est
353 1248 559 1297 sindones,
602 1248 722 1300 quasi
761 1247 969 1299 propheta
1010 1248 1202 1299 Egiptius
1243 1253 1370 1299 atque
1412 1248 1657 1298 astrologus,

249 1318 290 1353 et
315 1314 432 1352 venit
457 1313 748 1352 Macedoniam
775 1313 1003 1364 sedensque
1029 1313 1169 1364 palam
1195 1313 1423 1352 divinando
1450 1312 1658 1361 omnibus,

249 1379 321 1431 qui
357 1378 589 1430 pergebant
626 1378 678 1417 ad
717 1391 825 1417 eum.
867 1378 1024 1429 Egiptii
1062 1383 1204 1417 autem
1234 1383 1282 1417 ut
1313 1378 1522 1425 viderunt,
1562 1377 1661 1428 quia

188 1449 228 1477 20
255 1444 525 1483 Nectanabus
563 1456 648 1482 non
687 1443 993 1492 inveniebatur,
1034 1448 1306 1494 perrexerunt
1345 1443 1397 1482 ad
1447 1440 1660 1496 [I]festum

248 1508 373 1548 deum
400 1509 564 1548 illorum
590 1513 632 1548 et
656 1513 912 1559 rogaverunt
937 1521 1046 1557 eum,
1073 1512 1121 1547 ut
1145 1508 1437 1547 manifestaret
1462 1508 1532 1556 eis,
1559 1506 1660 1558 quid

80 1580 105 1606 Β
132 1579 190 1607 194
217 1586 236 1606 a
256 1573 323 1613 vel
354 1573 427 1613 ubi
458 1578 566 1613 esset
597 1587 669 1612 rex
703 1574 980 1625 Egiptiorum.
1047 1573 1118 1612 Ille
1151 1577 1293 1612 autem
1326 1573 1450 1611 dixit:
1515 1572 1661 1623 „Fuga

141 1644 182 1672 32
204 1645 226 1671 1-
252 1640 394 1691 lapsus
420 1643 483 1678 est
509 1638 558 1678 de
577 1639 750 1690 Egipt03
777 1643 874 1690 post
895 1638 1160 1690 aliquantum
1181 1642 1350 1688 tempus
1374 1637 1500 1676 debet
1521 1637 1661 1676 venire

249 1704 413 1743 iuvenis
437 1703 621 1743 eiciendo
647 1716 670 1742 a
695 1717 735 1742 se
761 1708 1034 1751 senectutem,
1060 1708 1102 1742 et
1127 1702 1315 1742 faciendo
1341 1716 1381 1741 se
1407 1702 1661 1741 saecularem

189 1774 227 1803 25
254 1769 514 1809 defensorem
552 1769 814 1808 inimicorum
851 1769 1022 1807 veniens
1059 1768 1123 1807 ille
1161 1767 1369 1807 subiectos
1392 1767 1520 1806 faciat
1541 1766 1658 1805 vos.“

251 1834 383 1873 Istam
439 1833 743 1873 divinationem
798 1833 1043 1884 recipientes
1099 1833 1255 1884 Egiptii
1310 1833 1564 1883 scripserunt
1618 1835 1661 1871 et

250 1900 513 1950 sculpserunt
545 1898 645 1938 illud
679 1899 720 1937 in
752 1899 1011 1938 marmore**
1045 1898 1098 1937 ad
1130 1898 1386 1936 memoriam.

341 2008 360 2039 4
395 2004 545 2040 custodi
582 2015 736 2049 aquam.
779 2004 849 2038 tibi
884 2005 981 2039 bene
1009 1989 1132 2040 credo.
1175 2005 1213 2038 et
1255 2003 1462 2047 vigilanter
1497 2002 1661 2037 observa

248 2052 322 2094 Ba;
343 2051 561 2087 custodiam
584 2063 700 2096 quain
724 2052 791 2086 tibi
810 2051 951 2087 credidi
976 2051 1075 2086 vade
1097 2051 1258 2085 observa
1278 2050 1374 2085 bene
1395 2052 1434 2085 et
1456 2049 1661 2094 vigilanter

251 2100 309 2141 J¹;
333 2101 380 2134 σὺ
408 2100 533 2139 καλῶς
554 2099 617 2134 καὶ
643 2100 904 2144 ἑπαγρύπυως
929 2099 973 2143 ἣν
998 2098 1253 2133 πεπίστευσαι
1282 2097 1459 2143 φρουρὰν
1487 2097 1661 2142 φύλασσε

245 2147 298 2190 Α;
325 2147 425 2182 korr.
448 2146 513 2181 La.

347 2194 612 2238 3.[Zi130,11
630 2214 675 2218 —-
690 2195 849 2236 131,12]
869 2193 1110 2228 201festum:
1135 2192 1474 2226 Einl.19.Ebenso
1490 2190 1658 2235 Sy;AL:
1723 2233 1729 2239 Ι

250 2241 310 2276 Sie
333 2242 470 2285 gingen
494 2243 619 2275 zuerst
644 2252 687 2275 zu
714 2241 950 2285 Hephastus,
974 2240 1040 2275 der
1062 2241 1113 2274 sie
1137 2250 1185 2274 an
1210 2239 1278 2273 das
1303 2239 1506 2283 Sinopeion
1523 2238 1662 2281 [dieser

247 2289 370 2323 Name
384 2288 479 2322 fehlt
492 2288 528 2322 in
543 2289 592 2330 A]
606 2299 649 2322 zu
667 2288 818 2331 Serapis
832 2288 999 2322 verwies.
1020 2308 1056 2312 —
1074 2289 1118 2322 23
1134 2286 1403 2322 debetvenire:
1421 2286 1469 2321 So
1482 2299 1512 2321 ω
1526 2285 1657 2329 (ἤὲει);

252 2336 322 2380 Sy:
336 2335 452 2377 „wird
464 2335 561 2370 nach
572 2335 713 2379 einiger
723 2334 920 2369 Zeiteinen
933 2334 1099 2370 anderen
1110 2344 1231 2368 neuen
1244 2334 1367 2368 Herrn
1384 2361 1390 2368 .
1408 2361 1415 2368 .
1433 2361 1440 2368 .
1458 2331 1659 2376 b1·ingen.’'

253 2404 290 2408 —
309 2385 352 2417 24
370 2383 609 2418 saecularum
632 2382 730 2416 korr.
755 2382 810 2416 Ba
827 2383 864 2416 in
882 2382 1132 2417 saecularem:
1150 2380 1494 2422 Missverstandni53
1517 2389 1594 2414 von
1619 2379 1657 2413 J¹

250 2429 306 2465 als
328 2429 644 2464 unverstandlich
666 2430 939 2473 weggelassem
963 2439 991 2464 s.
1018 2428 1114 2463 Einl.
1140 2430 1199 2469 22,
1222 2438 1280 2462 wo
1304 2428 1402 2463 auch
1427 2427 1520 2463 uber
1542 2426 1660 2462 saciat

250 2477 381 2519 (faciet
403 2478 437 2511 M
460 2477 525 2516 La)
550 2487 631 2512 vos.
664 2497 699 2501 —
727 2478 770 2511 27
796 2477 833 2510 in
866 2486 1072 2511 marmore:
1106 2475 1154 2510 ad
1178 2475 1292 2519 pedes
1315 2475 1483 2510 eiusdem
1506 2477 1660 2509 statuae

253 2524 291 2557 J¹
322 2541 364 2552 =
390 2524 454 2558 ἐπὶ
492 2524 556 2569 τὴν
581 2524 691 2568 βάσιν
727 2524 792 2568 τὴν
830 2524 908 2559 ὑπὸ
935 2528 1014 2563 τοῖς
1048 2523 1140 2558 ποσὶ
1176 2527 1245 2557 τοῦ
1272 2522 1491 2567 ἀνδριάντος
1515 2523 1586 2564 Ar;
1619 2520 1659 2554 J1

249 2571 328 2605 also
357 2571 494 2605 besser.
