1778 2875
90 518 215 545 85L5

74 850 97 876 Β
123 849 216 876 2061)

188 1169 222 1194 15

147 1949 231 1976 86L

823 143 1053 175 „83-

237 251 417 290 ordinati
456 256 554 290 sunt
581 251 633 290 ab
660 250 898 299 Antiochia,
927 256 975 290 ut
1002 256 1172 302 portent
1199 264 1247 291 ea
1274 265 1405 303 usque
1434 251 1638 291 Eufraten

236 321 277 354 et
307 328 474 355 omnem
503 316 809 355 necessitatem.
871 316 1103 355 Gaudete.“

345 381 462 420 Unus
499 394 549 419 ex
587 380 843 432 principibus
884 381 997 419 Darii
1034 381 1287 431 significavit
1323 382 1358 420 ei
1396 381 1538 420 omnia
1573 394 1645 433 per

236 446 456 497 epistolam
486 445 561 484 tali
589 445 732 485 modo:
767 446 975 495 „Nostadi
1008 446 1132 485 Dario
1162 446 1238 484 deo
1270 446 1399 496 dirigo
1430 446 1644 497 gaudium.

243 511 335 549 Non
378 515 623 562 oportuerat
662 523 727 549 me
769 510 888 549 vobis
930 511 1031 549 talia
1073 510 1260 558 scribere,
1304 511 1373 550 sed
1417 511 1535 562 quasi
1576 523 1647 562 per

238 575 364 614 fortia
392 575 525 614 scribo
553 575 673 614 vobis
701 575 882 614 videndo
912 575 1026 614 talia.
1085 576 1198 614 Sciat
1227 580 1368 614 vestra
1397 575 1646 624 sublimitas,

239 641 337 692 quia
368 640 450 679 duo
482 641 623 691 magni
654 641 860 691 principes
891 641 1047 679 mortui
1079 645 1177 679 sunt
1208 645 1250 678 et
1281 653 1354 690 ego
1387 640 1646 679 vulneratus.

239 705 389 745 Coxari
420 706 583 744 fortiter
614 705 859 744 vulneratus
890 710 952 744 est
983 711 1024 744 et
1057 705 1252 755 fugiendo
1284 705 1390 744 abiit
1421 705 1461 743 in
1495 704 1650 744 finibus

240 770 336 809 suis.
414 770 700 809 Potentissimi
740 775 867 821 atque
907 770 1075 821 plurimi
1114 770 1288 821 preclari
1326 769 1479 808 milites
1518 769 1651 808 nostri

243 836 469 874 iunxerunt
493 848 532 873 se
554 834 793 873 Alexandro
814 835 911 885 regi,
935 834 1241 886 honoravitque
1265 847 1333 873 eos
1354 839 1396 873 et
1417 833 1651 886 imperiales

242 900 477 951 provincias
515 900 592 938 illis
631 900 846 938 concessit.
921 900 1077 939 Civitas
1116 899 1321 938 Mitriadis
1360 912 1454 938 cum
1492 898 1650 950 templo

242 966 333 1016 igne
365 964 621 1003 succendit.“

353 1030 503 1068 Darius
541 1030 684 1080 itaque
724 1030 887 1080 scripsit
926 1030 1083 1080 satrapi
1122 1042 1194 1068 suo
1236 1029 1412 1068 Nostadi
1450 1028 1564 1076 haec,
1604 1033 1652 1066 ut

243 1099 411 1146 pararet
439 1107 479 1133 se
508 1107 603 1133 cum
631 1094 824 1133 omnibus
853 1095 948 1142 suis,
979 1095 1047 1133 sed
1076 1099 1117 1133 et
1145 1094 1213 1133 alii
1243 1094 1367 1132 Dario
1396 1094 1654 1145 pertinentes

248 1160 448 1211 quatinus
503 1160 743 1198 resisterent
799 1159 992 1210 gentibus
1028 1159 1308 1207 Macedoniae,
1369 1159 1466 1210 quia
1522 1157 1654 1197 nullo-

246 1225 370 1263 modo
397 1224 582 1263 letantur
609 1224 662 1263 ad
689 1224 743 1273 id,
772 1224 883 1275 quod
911 1229 1254 1275 presumpserunt
1281 1224 1428 1262 facere.
1482 1222 1655 1274 Scripsit

246 1290 413 1329 interim
443 1294 484 1328 et
514 1289 639 1328 aliam
668 1289 889 1340 epistolam
920 1289 972 1328 ad
1004 1289 1171 1337 Porum,
1201 1294 1249 1327 ut
1279 1293 1320 1327 et
1349 1289 1435 1339 ipse
1464 1287 1656 1339 preberet

247 1355 281 1394 ei
313 1355 582 1394 adiutorium.

358 1420 418 1458 12.
453 1419 595 1468 Porus,
642 1433 714 1458 rex
748 1419 962 1467 lndorum,
1008 1419 1219 1469 rescripsit
1263 1417 1483 1468 epistolam
1534 1417 1656 1455 Dario

192 1515 195 1518 »
247 1485 332 1535 regi
351 1485 589 1523 Persarum:
627 1484 881 1535 „Quomodo
911 1484 1120 1522 direxistis
1146 1496 1220 1521 nos
1238 1483 1437 1533 rogando,
1458 1486 1505 1520 ut
1523 1481 1657 1520 venis-

250 1562 386 1588 semus
426 1550 467 1588 in
508 1549 765 1588 adiutorium
805 1554 1006 1597 vestrum,
1048 1548 1185 1599 parati
1225 1548 1378 1586 fuimus
1419 1552 1460 1586 et
1501 1559 1656 1595 sumus,

251 1614 319 1653 sed
351 1614 527 1665 impedit
556 1627 631 1653 nos
660 1614 897 1662 infirmitas,
930 1627 1056 1665 quam
1086 1613 1309 1661 habemus,
1342 1612 1440 1663 quia
1469 1616 1511 1650 et
1539 1610 1659 1650 nobis

251 1680 402 1718 durum
426 1684 488 1718 est
512 1679 560 1718 de
584 1679 661 1718 hac
684 1679 847 1727 iniuria,
871 1684 1014 1718 tamen
1037 1679 1079 1717 in
1101 1678 1291 1729 proximo
1312 1677 1485 1728 recipies
1507 1676 1659 1715 milites

251 1757 384 1793 meos;
408 1744 478 1783 sed
495 1749 537 1783 et
560 1744 664 1783 aliae
688 1749 844 1795 gentes,
870 1756 976 1795 quae
998 1743 1143 1795 procul
1165 1748 1262 1781 sunt
1286 1755 1309 1781 a
1331 1741 1464 1789 vobis,
1489 1741 1660 1780 venient

225 1810 292 1848 *in
326 1809 582 1848 adiutorium
615 1809 845 1848 vestrum.“

361 1874 465 1913 Cum
488 1879 631 1913 autem
654 1874 839 1913 audisset
861 1878 995 1913 mater
1021 1873 1147 1921 Darii,
1183 1872 1294 1923 quod
1326 1875 1589 1922 preparasset
1620 1883 1660 1908 se

255 1940 406 1978 iterum
433 1939 566 1978 facere
591 1952 776 1990 pugnam
794 1951 887 1978 cum
903 1937 1158 1985 Alexandro,
1176 1937 1327 1976 direxit
1348 1936 1405 1975 illi
1421 1935 1658 1987 epistolam:

255 2005 411 2051 „Dario
439 2004 536 2055 regi,
566 2009 701 2043 mater
730 2004 871 2055 dirigit
898 2004 955 2042 illi
977 2002 1189 2054 gaudium.
1232 2001 1483 2040 Audivimus
1505 2000 1660 2051 itaque,

348 2095 367 2126 4
400 2093 582 2128 Nostadi:
602 2093 826 2137 Οἷμητάὸης
841 2094 891 2133 A}
915 2091 1119 2136 Νοστάρης
1133 2090 1209 2134 By;
1233 2089 1330 2124 fehlt
1344 2089 1374 2124 B
1394 2089 1420 2124 C
1439 2090 1478 2123 L.
1500 2109 1536 2112 —
1553 2090 1573 2122 6
1589 2087 1661 2122 for-

255 2140 348 2174 tiam
371 2151 489 2174 verm.
506 2141 570 2174 La.
592 2161 628 2164 —
647 2143 665 2175 8
680 2140 833 2175 Coxari:
860 2139 1085 2183 Κωμάρξης
1106 2139 1157 2178 A}
1185 2137 1378 2181 Κωσάρης
1400 2137 1470 2177 Ar;
1496 2135 1662 2179 Ὀξάρης

255 2188 332 2231 By;
355 2187 451 2221 fehlt
465 2188 495 2222 B
510 2188 536 2222 C
550 2188 590 2221 L.
612 2208 647 2211 —
666 2189 685 2221 9
701 2187 963 2221 Potentissimi
993 2214 999 2220 .
1018 2214 1024 2220 .
1043 2213 1049 2219 .
1080 2184 1294 2219 succendit:
1323 2184 1367 2218 In
1389 2185 1423 2218 A
1441 2183 1470 2217 B
1486 2183 1513 2217 C
1527 2183 1555 2216 L
1579 2192 1661 2216 ver-

254 2234 433 2269 schieden
446 2234 685 2276 uberliefert;
700 2245 776 2269 von
788 2234 862 2268 Leo
877 2244 963 2268 zum
977 2232 1056 2267 Teil
1067 2231 1395 2266 missverstanden.
1413 2231 1456 2265 In
1467 2230 1628 2264 Civitas.
1647 2257 1653 2263 .

223 2299 228 2303 ·
255 2282 452 2316 succendit
468 2281 628 2326 (Objekt
640 2282 692 2316 im
702 2281 944 2323 Nominativ,
957 2280 1025 2315 wie
1038 2279 1170 2320 osters)
1185 2279 1311 2313 steckt
1321 2291 1328 2313 z
1339 2277 1402 2312 καὶ
1413 2276 1665 2321 Ὀλυμπιάδα

256 2330 320 2372 τὴν
348 2333 416 2364 τοῦ
438 2330 673 2373 Θριὸάτου
695 2329 861 2373 ἀδελφὴν
883 2328 1010 2362 καὶτὰ
1031 2326 1181 2372 χωρία
1206 2325 1536 2369 ἐνεπύρισανΑ.
1562 2344 1598 2348 -—
1616 2324 1662 2358 13

256 2376 438 2412 Nostadi:
461 2377 651 2421 Πηνγάλῳ
674 2377 725 2417 Α;
747 2377 933 2420 Πιττακῷ
949 2375 1020 2419 By.
1041 2395 1076 2398 —
1095 2375 1139 2407 14
1154 2373 1216 2407 alii
1239 2372 1430 2412 <Schluss-i
1449 2372 1487 2405 in
1501 2371 1661 2412 Rasur):

257 2423 350 2457 alios
372 2434 490 2458 verm.
512 2424 582 2465 La;
605 2423 664 2458 bei
685 2423 759 2457 Leo
782 2423 937 2464 unkIar3
958 2432 1019 2457 am
1044 2420 1228 2455 nachsten
1243 2422 1312 2455 Ar:
1335 2419 1483 2463 ἔγραψε
1507 2418 1571 2453 καὶ
1585 2421 1665 2457 τοῖς

257 2471 412 2514 ἔγγιστα
437 2471 669 2515 βασιλεῦσιν,
699 2471 752 2510 ὡς
773 2470 964 2514 μέλλομεν
985 2469 1048 2502 τὸν
1075 2468 1218 2512 ἱδρῶτα
1243 2466 1540 2511 ἀπομαξάμενοι
1565 2465 1664 2508 ἀγω-

258 2517 436 2552 νίσασθαι
471 2519 570 2562 πρὸς
615 2518 656 2552 τὸ
693 2518 805 2557 ἔθνος
841 2515 1116 2557 Μακεδονικόν,
1165 2515 1234 2554 οὓς
1271 2515 1316 2548 οὐ
1353 2513 1527 2547 πιστεύω
1564 2511 1666 2556 μάλα

260 2566 407 2609 χαίρειν
430 2565 495 2609 ἐφ’
525 2566 583 2605 οἷς
604 2565 858 2609 τολμήσαντες
874 2563 1070 2607 ἐποίησαν.
1098 2583 1133 2585 -
1160 2563 1203 2596 15
1226 2561 1445 2595 resisterent
1465 2560 1504 2593 in
1525 2559 1662 2593 Rasur.

359 2614 415 2647 12.
440 2613 598 2655 [Zi182,
615 2614 774 2653 9—1183,
791 2612 828 2654 9]
850 2612 893 2645 28
911 2610 963 2644 illi
985 2609 1169 2653 gaudium
1192 2608 1266 2650 Ba,
1291 2607 1370 2642 filio
1392 2617 1512 2641 verm.
1536 2606 1602 2640 L-a.
