1778 2875
154 819 190 847 10

45 1080 68 1106 Β
94 1079 188 1106 2093

156 1145 191 1171 15

153 1463 192 1489 20

101 1534 141 1560 96
169 1534 190 1560 L

154 1787 193 1814 25

801 120 1030 152 -95-

211 231 485 282 postulantes,
517 235 563 268 ut
594 229 788 269 liberaret
818 243 899 268 eos.
959 230 1055 281 Ipsa
1086 230 1276 268 custodia
1305 234 1395 269 erat
1424 231 1615 281 pessima.

212 296 338 334 Iussit
377 307 445 333 eos
485 292 709 348 abstra[h]i
748 295 798 333 de
838 295 927 345 ipsa
966 295 1176 343 custodia;
1216 294 1324 333 vidit
1362 307 1444 343 eos,
1484 294 1619 334 doluit

210 365 252 398 et
270 360 452 411 ploravit
470 364 512 398 et
530 359 743 410 praecepit
761 359 838 398 illis
857 360 954 398 dare
973 372 1044 410 per
1063 372 1406 410 unumquemque
1425 359 1618 410 dragmas

210 425 319 463 mille
351 429 393 463 et
421 424 608 463 restituit
638 424 716 462 illis
746 424 1024 475 proprietates
1055 437 1163 463 suas.

327 489 388 528 19.
408 489 521 528 Inter
547 488 648 528 haec
664 493 807 528 autem
823 489 1065 540 preparavit
1082 489 1138 527 illi
1157 489 1306 527 Darius
1322 493 1363 527 et
1379 489 1503 528 aliam
1518 501 1619 540 pug-

210 567 321 593 nam.
353 553 527 605 Scripsit
543 554 765 605 epistolam
783 554 835 593 ad
855 554 1023 603 Porum,
1041 567 1178 605 regem
1199 554 1418 592 Indorum:
1439 553 1621 602 „Darius

211 632 282 657 rex
303 631 448 669 regum
469 619 554 669 regi
578 619 682 657 Poro
705 619 918 669 gaudium.
963 619 1104 670 Nuper
1127 619 1258 657 direxi
1280 624 1320 657 te
1343 618 1619 669 deprecando,

211 689 259 722 ut
293 684 448 723 faceres
481 683 601 722 nobis
635 683 891 722 adiutorium
926 688 1072 722 contra
1106 684 1208 731 illos,
1245 683 1315 734 qui
1349 683 1489 722 conati
1523 687 1621 721 sunt

212 748 411 800 dissipare
444 748 648 799 palatium
681 753 887 797 nostrum,
922 748 1019 799 quia
1050 747 1153 787 haec
1184 748 1332 796 bestia,
1367 760 1473 799 quae
1505 747 1622 787 venit

213 826 335 865 super
366 826 454 861 nos,
488 814 666 852 ferocem
697 818 882 852 mentem
913 812 1042 852 habet
1074 818 1115 852 et
1146 817 1426 864 tempestatur
1458 812 1622 851 animus

212 879 298 917 eius
319 879 426 916 sicut
447 878 585 916 maris.
624 877 748 916 Volui
767 878 1003 928 recolligere
1025 878 1076 916 ab
1098 878 1166 916 illo
1187 882 1366 916 matrem
1387 882 1428 916 et
1448 889 1621 916 uxorem

212 948 254 981 et
273 943 380 981 filios
399 948 441 981 et
459 943 608 982 offerre
627 943 683 981 illi
702 955 889 991 munera,
911 943 980 981 sed
999 943 1134 981 noluit
1153 942 1425 994 acquiescere.
1467 942 1622 993 Quam—

211 1008 274 1046 vis
301 1008 386 1046 sine
412 1020 505 1046 mea
530 1007 752 1046 voluntate
778 1007 975 1059 pugnabo
1002 1012 1043 1046 et
1069 1008 1150 1046 alia
1175 1008 1264 1046 vice
1291 1020 1385 1046 cum
1411 1007 1500 1055 illo;
1527 1019 1622 1045 con-

214 1073 392 1123 gregabo
424 1077 567 1123 gentes
596 1073 752 1111 multas
783 1077 825 1111 et
856 1072 1024 1111 certabo
1055 1085 1186 1124 usque
1217 1072 1269 1111 ad
1299 1077 1492 1120 mortem,
1525 1071 1623 1123 quia

213 1138 360 1176 melius
396 1143 458 1176 est
492 1137 594 1176 mihi
628 1138 733 1175 mori
768 1137 808 1175 in
843 1137 950 1176 bello
986 1149 1113 1189 quam
1147 1137 1287 1176 videre
1323 1137 1620 1176 desolationem

213 1215 350 1241 meam
387 1207 428 1241 et
463 1203 597 1253 gentis
632 1215 762 1241 meae.
833 1202 953 1242 Unde
989 1202 1131 1253 vigeat
1165 1201 1448 1240 misericordia
1482 1206 1620 1240 vestra

215 1280 336 1318 super
352 1268 562 1306 miseriam
579 1280 717 1305 meam
734 1272 775 1306 et
792 1267 991 1306 adiuvate
1009 1266 1123 1315 mihi,
1143 1271 1190 1305 ut
1208 1266 1340 1305 salver
1358 1266 1410 1305 ab
1429 1265 1621 1317 angustia

213 1345 319 1381 mea,
345 1333 385 1371 in
409 1345 491 1383 qua
514 1332 675 1383 positus
699 1345 804 1380 sum,
827 1344 1029 1371 revocans
1052 1332 1092 1370 in
1116 1332 1316 1370 memoria
1338 1336 1413 1370 tua
1437 1331 1621 1369 ordinem

214 1402 437 1449 parentum
458 1402 711 1436 nostrorum.
749 1397 1067 1447 Congregamini
1087 1402 1129 1435 et
1148 1402 1293 1448 parate
1314 1409 1388 1435 vos
1408 1396 1460 1435 ad
1481 1400 1624 1447 portas

215 1462 398 1513 Caspias.
462 1462 621 1501 Datum
653 1462 762 1501 dabo
795 1462 988 1500 omnibus
1020 1461 1271 1509 hominibus,
1305 1461 1373 1512 qui
1406 1460 1623 1499 vobiscum

217 1527 484 1575 advenerint,
520 1540 590 1578 per
624 1539 967 1578 unumquemque
1001 1539 1185 1565 mensem
1219 1525 1328 1565 dabo
1362 1525 1625 1577 pedestribus

215 1591 455 1631 hominibus
480 1592 631 1630 solidos
656 1596 751 1640 tres,
777 1592 908 1643 equiti
931 1604 1029 1630 vero
1054 1592 1256 1643 quinque3
1283 1590 1437 1629 cibaria
1461 1590 1624 1629 illorum

217 1662 258 1696 et
301 1657 454 1705 onmia,
498 1657 539 1695 in
583 1657 734 1708 quibus
775 1669 940 1696 necesse
982 1656 1219 1704 habuerint,
1264 1668 1337 1706 ego
1379 1655 1623 1694 retribuam.

219 1722 361 1772 Spolia
398 1734 497 1760 vero
536 1722 714 1770 illorum,
756 1722 826 1773 qui
865 1722 979 1772 capti
1018 1721 1185 1769 fuerint,
1237 1720 1510 1759 medietatem
1548 1719 1627 1758 tibi

217 1787 424 1826 dabimus
482 1786 677 1826 Caballus
708 1799 806 1825 vero
838 1786 1066 1825 Bucefalon
1097 1791 1138 1825 et
1167 1785 1378 1836 imperiale
1408 1797 1625 1836 paramen-

216 1856 309 1891 tum
338 1857 460 1890 tuum
490 1852 555 1890 sit.
612 1852 667 1890 Et
695 1851 948 1902 ubicumque
978 1851 1213 1902 applicatus
1243 1850 1380 1899 fueris,
1411 1849 1520 1889 dabo
1548 1849 1627 1888 tibi

217 1922 387 1956 centum
413 1917 627 1967 octoginta
651 1916 894 1955 iuvenculas
919 1929 1013 1955 cum
1039 1915 1294 1954 ornamentis
1319 1927 1475 1954 earum.
1522 1914 1626 1954 Cum

215 1982 417 2033 receperis
449 1982 669 2032 epistolam
702 1981 822 2029 hanc,
856 1981 1008 2020 festina
1038 1980 1220 2019 venire.“

328 2047 550 2097 Fugientes
578 2059 676 2085 vero
704 2045 892 2085 homines
923 2046 1037 2084 Darii
1065 2045 1116 2084 ad
1144 2045 1432 2084 Alexandrum
1458 2044 1626 2083 nuntia-

217 2141 257 2175 δὲ
283 2142 328 2176 τὰ
357 2140 435 2175 ὦτα
461 2142 601 2182 αὐτῶν,
643 2140 717 2184 vgl.
764 2141 821 2175 J1:
864 2140 1038 2174 homines
1079 2140 1263 2181 truncati,
1296 2139 1357 2173 alii
1387 2149 1536 2181 manus,
1563 2138 1626 2173 alii

217 2188 386 2231 brachia,
423 2188 484 2223 alii
522 2199 611 2222 vero
648 2188 763 2222 tibias
800 2190 837 2222 et
874 2188 1001 2232 pedes,
1039 2187 1100 2221 alii
1137 2186 1252 2230 pedes
1291 2186 1532 2221 solummodo
1559 2188 1627 2220 aut

218 2246 365 2270 manus.
423 2256 459 2259 —
512 2239 528 2270 1
561 2236 649 2280 Ipsa
675 2235 868 2270 custodia:
896 2246 923 2269 s.
952 2234 1049 2269 Einl.
1078 2235 1135 2268 23.

320 2285 376 2318 19.
391 2283 448 2326 [Ζί
465 2285 548 2324 192,
565 2285 747 2324 13-193,
764 2284 825 2324 22]
850 2286 867 2318 7
885 2283 1018 2327 Nuper
1119 2283 1253 2315 contra
1276 2280 1376 2316 illos:
1401 2291 1442 2315 so
1467 2291 1538 2315 nur
1561 2280 1625 2325 Sy.

429 2338 460 2355 CO

224 2381 260 2384 —
287 2362 306 2393 8
338 2360 401 2404 qui
435 2360 515 2394 nati
549 2359 617 2393 Ba.
648 2380 684 2383 —
711 2360 730 2392 9
772 2359 883 2394 haec:
919 2369 937 2393 c
969 2359 1007 2392 in
1030 2359 1167 2393 Rasur.
1211 2378 1246 2381 —
1286 2360 1330 2391 10
1353 2360 1391 2392 et
1414 2360 1531 2402 temp.

219 2407 350 2441 maris:
375 2406 472 2441 fehlt
499 2418 546 2448 ω;
574 2407 625 2451 Sy
660 2406 991 2440 missverstanden:
1018 2405 1121 2447 „und
1156 2415 1194 2438 es
1216 2406 1282 2447 [sc.
1309 2405 1378 2440 das
1402 2405 1502 2447 Tier]
1524 2405 1628 2439 wirft

218 2454 297 2488 sich
319 2454 436 2488 selbst
457 2455 516 2488 ins
536 2455 639 2488 Meer
658 2453 737 2488 und
758 2453 851 2488 liebt
872 2453 945 2487 den
970 2453 1115 2497 Kampf
1135 2463 1180 2486 zu
1203 2452 1395 2487 Wasser.’'
1442 2473 1478 2476 -
1522 2454 1566 2486 18
1589 2452 1626 2486 in

219 2501 443 2535 memoriam
474 2503 582 2536 tuam
614 2501 678 2535 La.
743 2522 779 2524 —
839 2503 880 2534 21
915 2511 981 2544 per
1008 2510 1324 2544 unumquemque
1457 2500 1627 2543 quinque

219 2559 260 2582 so
285 2549 318 2582 A
334 2549 472 2582 VaAr.
528 2569 565 2572 —
617 2550 662 2582 26
698 2548 798 2582 dabo
835 2548 904 2581 tibi
940 2549 1030 2582 etc:
1068 2546 1280 2581 deutlicher
1304 2548 1373 2581 Ar:
1406 2546 1469 2581 καὶ
1496 2546 1563 2586 τὰς
1587 2547 1628 2580 ἐν

221 2596 394 2635 Σούσοις
430 2596 623 2634 παλλακὰς
649 2596 782 2629 ἑκατὸν
817 2595 1052 2639 ὀγὸοήκοντα
1089 2595 1186 2639 μετὰ
1223 2598 1292 2628 τοῦ
1329 2594 1431 2628 ἰδίου
1458 2593 1624 2637 κόσμου.
