1778 2875
702 136 932 168 „91-

109 258 270 285 moram
309 246 411 285 facit
448 247 558 285 exire
597 246 761 298 preliari
798 246 840 284 in
879 258 1027 297 campo
1066 257 1161 284 cum
1199 245 1376 284 inimicis
1415 244 1517 293 suis;

111 311 283 350 timidus
312 316 376 350 est
404 316 531 362 atque
561 311 752 362 pavidus.
810 311 930 350 Unde
960 311 993 349 si
1021 310 1098 349 tibi
1127 310 1278 361 placet,
1309 309 1518 348 constitue

110 376 220 414 diem
253 375 498 427 preliandi.“
573 376 648 415 Cui
682 376 849 414 Darius:
913 375 1099 424 „Forsan
1131 374 1242 414 enim
1274 379 1321 413 tu
1353 387 1395 413 es
1426 374 1518 412 Ale-

111 440 282 488 xander,
321 441 392 492 qui
428 453 522 479 cum
559 445 681 479 tanta
717 440 890 479 audatia
925 439 1137 491 loqueris?
1210 439 1303 477 Non
1339 439 1520 490 loqueris

47 547 57 554 ,
111 505 219 544 sicut
245 506 433 554 nuntius,
463 505 532 544 sed
562 505 669 544 sicut
697 505 807 543 idem
835 505 921 555 ipse
949 504 1199 543 Alexander.
1253 504 1412 542 Tamen
1440 502 1518 541 hoc

111 570 216 608 scias
252 582 325 621 pro
363 575 488 618 certo,
527 570 625 621 quia
661 570 835 608 audatia
881 574 955 607 tua
1002 568 1243 607 nullomodo
1291 567 1518 606 conturbat

111 647 189 673 me.
242 635 321 674 Sed
346 640 488 674 tamen
514 634 723 673 manduca
748 633 870 672 hodie
895 646 1060 672 mecum
1086 633 1193 671 sicut
1226 633 1390 678 missus,
1424 633 1518 683 quia

112 705 154 738 et
186 700 427 738 Alexander
460 699 567 738 sedit
598 699 650 738 ad
684 711 829 748 cenam
862 711 957 737 cum
988 698 1123 736 missis
1154 697 1299 736 meis.“

219 764 494 815 Tendensque
525 776 698 803 manum
731 776 850 802 suam
882 762 1160 814 apprehendit
1192 775 1287 801 eum
1320 775 1391 812 per
1424 761 1522 799 dex-

114 834 245 867 teram
290 829 558 868 introducens
602 841 698 867 eum
743 828 783 866 in
828 828 1034 879 palacium
1083 840 1219 866 suum.
1280 826 1521 865 Alexander

114 895 304 944 cogitans
335 895 377 933 in
410 894 531 933 corde
567 906 641 932 suo
672 898 814 932 tenere
846 893 1057 944 palacium
1086 892 1241 931 inimici
1279 892 1354 939 sui,
1401 891 1518 942 quasi

87 959 278 1008 *signum
310 959 463 998 faciens
495 959 530 998 ei
561 957 913 1009 apprehendendo
945 970 1040 997 eum
1072 970 1143 1008 per
1174 969 1347 995 manum
1380 956 1522 994 dexte-

113 1036 216 1061 ram.
254 1023 549 1074 Ingressusque
574 1023 800 1062 triclinium
834 1023 933 1071 eius,
968 1022 1009 1061 in
1044 1035 1125 1073 quo
1159 1027 1249 1060 erat
1283 1021 1523 1060 convivium

114 1093 400 1139 preparatum,
431 1088 538 1127 sedit
564 1088 816 1135 Alexander,
856 1088 1053 1126 sederunt
1091 1092 1133 1126 et
1172 1086 1379 1137 principes
1412 1086 1523 1123 Darii

116 1153 217 1191 facie
249 1153 300 1191 ad
333 1153 492 1192 faciem.

226 1218 285 1256 15.
330 1218 470 1257 Perses
511 1218 653 1269 itaque
695 1217 886 1256 sedentes
927 1217 964 1255 in
1009 1217 1202 1255 convivio
1244 1216 1525 1266 despexerunt-

116 1282 283 1320 vultum
314 1283 554 1331 Alexandri⁷
588 1296 634 1321 eo
668 1282 779 1334 quod
813 1287 921 1321 esset
954 1294 1121 1333 parvus,
1156 1281 1225 1320 sed
1260 1280 1523 1330 ignorabant,

117 1347 250 1398 qualis
281 1347 415 1386 virtus
445 1353 487 1386 et
518 1348 651 1399 qualis
682 1347 858 1386 audacia
889 1352 976 1386 erat
1010 1347 1049 1385 in
1081 1346 1155 1385 tali
1186 1346 1370 1384 vasculo.
1433 1345 1524 1382 Pin-

118 1426 262 1450 «·eriiae
296 1426 394 1451 vero
429 1413 619 1451 serebant
653 1413 790 1463 sepius
824 1412 986 1463 pocula.
1052 1411 1264 1449 Mediante
1298 1423 1396 1448 vero
1432 1422 1525 1448 con-

119 1477 230 1515 vivio
262 1477 462 1527 cogitavit
494 1477 569 1515 hoc
602 1478 734 1516 facere
766 1477 1020 1516 Alexander:
1055 1489 1150 1515 cum
1182 1480 1396 1526 porrectus
1429 1475 1525 1512 fuis-

118 1546 181 1580 set
212 1541 268 1580 illi
299 1542 471 1592 poculus
503 1555 665 1591 aureus,
698 1542 872 1581 bibisset
904 1547 945 1581 et
977 1542 1157 1579 misisset
1189 1553 1284 1579 eum
1316 1541 1357 1578 in
1390 1540 1525 1577 sinum

119 1619 254 1645 suum.
300 1606 463 1646 Allatus
488 1612 549 1646 est
574 1612 716 1646 autem
742 1607 799 1646 illi
824 1620 897 1646 vas
922 1619 1108 1650 aureum,
1134 1605 1242 1644 bibit
1266 1610 1307 1644 et
1334 1605 1430 1643 fecit
1454 1604 1523 1644 sic,

119 1671 267 1709 deinde
307 1684 437 1723 usque
476 1673 527 1711 ad
568 1673 798 1711 secundum
838 1677 879 1711 et
918 1672 1107 1710 tercium.
1188 1670 1376 1708 Fertores
1417 1681 1525 1715 vero,

119 1749 214 1773 vum
244 1736 446 1775 vidissent
475 1736 565 1785 hoc,
595 1738 901 1776 nuntiaverunt
935 1737 1072 1775 Dario.
1132 1735 1276 1774 Erexit
1305 1748 1346 1773 se
1380 1734 1528 1772 Darius

119 1806 161 1839 et
182 1801 306 1839 dixit:
348 1802 411 1849 „O
433 1802 655 1841 fortissime
676 1803 751 1850 vir,
775 1802 874 1853 quid
896 1806 959 1840 est
980 1800 1069 1848 hoe,
1093 1800 1204 1851 quod
1227 1800 1344 1849 agis?
1390 1800 1526 1849 Quare

121 1866 341 1904 abscondis
363 1879 464 1905 vasa
485 1879 611 1906 aurea
632 1867 671 1905 in
696 1868 786 1905 sinu
809 1872 883 1905 tuo
900 1867 944 1905 :W
969 1866 1043 1905 Cui
1065 1865 1320 1904 Alexander:
1346 1864 1526 1911 „Noster

121 1931 254 1968 senior
297 1931 441 1970 sedens
482 1932 523 1970 in
566 1933 758 1971 convivio
801 1932 932 1970 donat
975 1930 1177 1969 militibus
1220 1930 1302 1967 suis
1345 1928 1528 1975 vascula,

121 2008 215 2033 cum
246 1995 395 2046 quibus
424 1995 617 2036 bibunt.“
674 1997 977 2047 C‹1›gitaverunt
1005 1996 1115 2034 enim
1144 1995 1335 2034 sedentes
1364 1994 1405 2033 in
1435 2005 1529 2031 con-

120 2131 170 2164 ist
195 2131 249 2165 als
273 2132 493 2176 Ausspruch
518 2133 756 2168 Alexanders
781 2132 867 2166 dem
894 2132 1017 2166 Boten
1043 2130 1260 2174 gegenuber
1284 2128 1528 2163 aufzusassen

121 2179 227 2222 (quia
245 2196 287 2206 z
303 2178 560 2214 deklaratives
576 2181 667 2223 ὅτι);
686 2180 851 2222 „Darius
876 2181 1003 2221 zogert
1025 2178 1061 2211 in
1077 2178 1150 2212 den
1169 2176 1314 2221 Kampf
1329 2187 1373 2210 zu
1388 2176 1528 2220 gehen2

121 2236 161 2259 er
182 2225 231 2259 ist
257 2226 510 2261 furchtsam.'’
547 2228 616 2271 Sy:
643 2228 719 2270 „So
752 2227 819 2261 hat
852 2237 891 2260 er
921 2228 988 2268 [sc.
1011 2224 1246 2266 Alexander]
1276 2223 1530 2268 gesprochen:

125 2274 184 2306 Du
208 2272 295 2307 hast
317 2276 506 2317 gezogert‚
534 2275 648 2319 Krieg
669 2284 788 2318 gegen
813 2274 911 2308 mich
937 2284 981 2307 zu
1007 2271 1183 2319 fiihren.'’
1229 2271 1301 2305 tibi
1323 2271 1360 2305 in
1384 2271 1529 2310 Rasum

123 2319 217 2353 fehlt
248 2320 285 2353 in
318 2321 376 2361 J¹;
407 2321 599 2356 vielleicht
628 2332 759 2367 urspr3
784 2321 887 2355 mihi.
949 2320 1076 2354 Durch
1105 2319 1315 2362 Anderung
1345 2317 1411 2351 des
1441 2317 1530 2361 quia

123 2368 159 2401 in
188 2367 251 2411 qui
281 2367 335 2411 (so
361 2368 459 2403 Ausf
477 2369 543 2412 La)
572 2369 717 2403 konnte
745 2363 1127 2410 Ubereinstimmung
1154 2366 1223 2399 mit
1250 2367 1283 2399 A
1310 2363 1531 2408 hergestellt

122 2414 290 2449 werden:
335 2415 535 2459 βραδύνων
569 2416 625 2456 εἰς
666 2416 794 2460 μάχην
829 2415 1009 2459 βασιλεὺς
1046 2415 1115 2458 ἤδη
1151 2412 1342 2457 πρόδηλός
1368 2413 1449 2446 ἔστι
1475 2415 1529 2455 τῷ

122 2461 301 2506 ἀντιδίκῳ
329 2462 471 2506 ἀσθενῆ
495 2463 598 2507 ἔχων
625 2464 688 2507 τὴν
722 2462 852 2507 ψυχὴν
873 2462 928 2501 εἰς
960 2462 1001 2495 τὸ
1033 2461 1228 2504 πολεμεῖν.

226 2510 282 2544 15.
305 2509 362 2551 [Ζί
391 2512 473 2551 186,
503 2512 659 2551 5-187,
697 2511 758 2551 22]
806 2512 849 2543 18
887 2509 1105 2553 pincernae:
1151 2506 1380 2550 πινεγχύται
1406 2506 1438 2539 A
1460 2505 1530 2544 Ar;

123 2556 351 2600 πινεκχύται
370 2557 447 2600 By3
467 2557 604 2591 anders
626 2571 667 2592 ω.
695 2578 730 2581 —
755 2558 796 2590 21
821 2556 997 2591 bibisset:
1026 2554 1125 2588 bibit
1151 2555 1189 2588 et
1224 2553 1328 2587 misit
1359 2553 1412 2586 La
1432 2550 1531 2586 nach

127 2604 229 2645 ⁷1¹35.
248 2603 339 2637 aber
351 2603 622 2639 Wochenschr.
639 2604 664 2638 f.
681 2604 793 2638 klass.
820 2603 915 2637 Phil.
934 2604 1040 2643 1912,
1061 2602 1242 2636 197.—28
1255 2599 1531 2643 Cogitaverunt

1542 575 1631 602 89L

1546 834 1581 859 10

1548 900 1570 924 Β
1596 899 1654 924 207
1671 900 1689 924 b

1548 1160 1582 1184 15

1550 1862 1589 1887 [³0
1618 1862 1639 1886 L
