1778 2875
694 141 924 174 „97-

110 255 263 289 verunt
299 251 334 290 ei
373 251 513 289 omnia
548 249 662 290 haec.
739 251 828 289 Rex
864 255 1007 290 autem
1043 250 1292 299 Alexander,
1330 250 1403 290 ubi
1439 250 1516 290 hoc

108 315 285 364 audivit,
317 315 560 367 preparavit
590 328 630 354 se
661 320 702 354 et
733 315 838 354 abiit
867 315 1068 365 Mydiam,
1101 320 1291 354 statuens
1322 315 1363 354 in
1394 315 1516 355 corde

108 392 182 418 suo
211 385 252 419 et
281 380 388 418 dixit
416 380 622 429 omnibus,
651 384 700 419 ut
736 380 978 419 nullomodo
1016 385 1237 419 vocaretur
1275 380 1514 432 imperator,

109 445 141 483 si
160 457 333 495 regnum
356 445 472 484 Darii
491 457 575 483 non
597 445 860 495 optinuisset.
903 445 1157 483 Nuntiatum
1178 449 1241 483 est
1260 445 1513 493 Alexandro,

109 509 220 560 quod
253 514 495 560 prepararet
527 522 567 548 se
602 509 752 548 Darius
782 522 854 547 rex
886 514 929 548 et
960 509 1038 547 iret
1070 509 1122 548 ad
1154 514 1297 560 port-as
1329 509 1512 561 Caspias,

107 579 349 625 expectaret
387 587 482 613 eum
519 573 589 612 ibi.
666 573 821 613 Statim
858 573 1095 612 Alexander
1135 574 1271 624 coepit
1310 574 1366 613 ire
1406 574 1513 613 illuc.

107 638 211 678 Cum
254 651 350 677 vero
393 638 578 677 audisset
621 638 771 677 Darius
813 638 1045 677 adventum
1086 638 1326 687 Alexandri,
1370 639 1513 678 timuit

108 703 242 743 valde.

216 780 279 818 20.
342 780 456 818 Inter
486 779 588 818 haec
620 779 879 829 significatus
911 784 973 818 est
1006 779 1138 830 Bysso
1171 784 1212 818 et
1242 779 1514 818 Ariobarzani

107 845 339 883 adventum
358 844 541 883 eiusdem
558 843 805 892 Alexandri3
825 844 1117 895 cogitaverunt
1136 844 1320 883 occidere
1342 845 1515 883 Darium

108 910 351 948 estimantes
382 909 537 948 bonam
568 909 747 959 recipere
779 909 1160 947 remunerationem
1191 909 1244 948 ab
1276 909 1514 948 Alexandro

108 974 332 1013 occidendo
369 974 555 1022 Darium,
590 973 805 1012 inimicum
839 974 938 1012 eius.
995 974 1107 1012 Haec
1142 974 1198 1012 eis
1233 974 1515 1025 cogitantibus

109 1039 342 1089 evaginatis
381 1038 526 1089 gladiis
566 1038 759 1077 abierunt
799 1038 983 1077 occidere
1023 1039 1151 1077 illum.
1228 1039 1332 1078 Cum
1372 1044 1514 1078 autem

108 1104 281 1142 vidisset
306 1116 374 1142 eos
404 1103 565 1149 Darius,
593 1103 701 1142 dixit
727 1103 822 1141 illis:
876 1103 938 1151 „O
966 1103 1171 1142 karissimi
1198 1104 1291 1152 mei,
1320 1104 1391 1155 qui
1417 1109 1514 1143 ante

107 1168 243 1207 fuistis
275 1168 394 1216 servi,
426 1180 537 1207 nunc
567 1181 664 1207 vero
697 1168 868 1215 domini,
903 1182 1028 1219 quaro
1056 1181 1121 1207 me
1142 1168 1272 1207 vultis
1293 1169 1509 1207 occidere?

108 1233 204 1271 Plus
233 1237 330 1271 sunt
358 1233 468 1271 enim
496 1233 742 1271 Macedones
772 1232 965 1272 honorati
995 1246 1122 1285 quam
1151 1234 1257 1272 vos?
1316 1233 1512 1272 Recedite
1537 1262 1543 1266 -

107 1310 127 1336 a
152 1310 231 1346 me,
265 1298 393 1344 nolite
415 1296 518 1336 mihi
540 1296 617 1336 hoc
640 1298 798 1336 malum
822 1298 974 1346 sacer03
1000 1298 1202 1337 dimittite
1225 1311 1310 1346 me3
1357 1298 1514 1337 sufficit

106 1361 207 1401 mihi
235 1362 451 1401 tribulatio
478 1375 584 1401 mea.
641 1362 682 1402 Si
710 1376 775 1401 me
804 1363 993 1401 occiditis
1020 1368 1062 1402 ot
1089 1363 1251 1402 venerit
1279 1363 1513 1402 Alexander

106 1432 148 1466 et
188 1427 394 1466 invenerit
434 1440 499 1466 me
541 1427 722 1466 occisum
765 1428 884 1479 quasi
927 1441 949 1467 a
991 1428 1238 1476 latronibus,
1282 1428 1513 1467 vindictam

107 1492 231 1531 faciet
258 1491 332 1540 his,
360 1492 430 1543 qui
455 1505 519 1531 me
546 1492 785 1531 occiderint.
838 1493 929 1531 Non
956 1498 1019 1531 cst
1045 1493 1245 1543 gaudium
1271 1493 1511 1544 imperatori
1536 1503 1542 1510 ’

106 1557 290 1595 invenire
310 1561 523 1595 mortuum
545 1557 671 1596 alium
693 1557 988 1608 imperatorem
1010 1558 1050 1596 in
1074 1558 1260 1597 fraude.“
1303 1558 1513 1596 Ferientes

105 1626 247 1660 autem
279 1621 336 1660 illi
368 1634 461 1660 cum
493 1622 639 1672 gladiis
671 1627 712 1661 et
744 1622 800 1661 illi
833 1622 1116 1673 preparabant
1147 1635 1315 1669 manus3
1349 1622 1512 1661 dimise-

105 1690 204 1725 runt
229 1699 324 1725 eum
350 1687 610 1725 semivivum.

212 1763 491 1802 Transeuntes
516 1769 658 1803 autem
685 1764 862 1803 fluvium
891 1765 1069 1814 Stragan
1096 1765 1343 1803 Macedones
1369 1777 1512 1803 cucur-

104 1828 160 1866 rit
183 1827 418 1866 Alexander
444 1833 484 1866 et
510 1829 716 1879 ingressus
742 1834 804 1867 est
830 1829 1035 1879 palatium
1064 1829 1190 1868 Darii.
1240 1829 1344 1868 Cum
1370 1834 1512 1867 autem

106 1892 320 1931 audissent
341 1892 569 1943 ingressum
589 1893 817 1932 Alexandri
838 1893 892 1941 hi,
917 1894 986 1945 qui
1008 1899 1301 1945 percusserunt
1324 1894 1510 1942 Darium,

105 1956 299 1996 abierunt
321 1961 362 1995 et
383 1957 693 1997 absconderunt
715 1972 755 1997 so
778 1959 966 1997 volentes
988 1959 1223 2009 intellegere
1245 1959 1511 1997 voluntatem

105 2021 330 2060 Alexandri
369 2021 418 2061 de
455 2021 545 2071 1166,
584 2023 694 2074 quod
734 2024 894 2062 factum
931 2028 1006 2062 cst.
1082 2024 1191 2062 Dum
1228 2024 1512 2074 ingrederetur

104 2086 340 2125 Alexander
368 2086 408 2125 in
437 2087 642 2138 palatium
672 2088 799 2136 Darii,
829 2089 1107 2139 invenit(que)
1139 2101 1234 2127 eum
1262 2089 1511 2127 semivivum

108 2151 312 2189 iacentem
331 2151 371 2189 in
390 2156 499 2190 terra
518 2158 559 2191 ct
578 2152 697 2191 flevit
715 2166 870 2191 exuens
888 2153 938 2191 de
957 2166 997 2191 se
1017 2153 1236 2192 clamidem
1254 2153 1511 2204 imperialem
1532 2163 1548 2187 15

197 2283 215 2314 2
243 2280 433 2324 Mydiam:
460 2281 495 2315 d.
518 2281 538 2314 i.
565 2282 733 2323 Medien;
760 2283 902 2317 ,ῙΙιὸίαν
926 2284 970 2317 Α.

204 2328 263 2362 20.
283 2327 341 2370 [Ζί
364 2330 600 2369 194,1—22;
625 2331 708 2371 195,
743 2331 900 2372 6—196,
923 2331 960 2372 8]
989 2331 1009 2363 9
1033 2330 1290 2374 significatus:
1321 2329 1512 2364 Schluss-s

104 2375 141 2408 in
173 2375 310 2408 Rasur.
353 2394 390 2398 —
433 2377 478 2409 10
512 2376 742 2411 adventurn:
777 2387 813 2410 rn
847 2377 884 2411 in
919 2377 1056 2411 Rasur.
1101 2398 1136 2401 —
1176 2379 1221 2412 13
1255 2377 1406 2421 gladiis:
1443 2387 1511 2411 aus

104 2421 252 2465 gladius
274 2421 373 2455 korr.
402 2442 438 2446 —
462 2424 507 2456 16
530 2422 618 2457 Plus
643 2426 733 2458 sunt
842 2435 958 2468 quam
980 2435 1065 2459 vos:
1089 2424 1434 2465 Missverstandnis3
1457 2424 1511 2468 μὴ

103 2469 219 2503 πλέον
255 2468 370 2512 ὑμεῖς
406 2470 641 2505 Μακεδόνων
677 2483 711 2504 τι
748 2471 923 2515 ὁράσεως
977 2472 1069 2511 (Leo
1122 2471 1177 2506 las
1230 2471 1422 2506 vielleicht
1461 2483 1510 2504 τι-

105 2516 233 2560 μᾶσθε
277 2516 375 2550 statt
427 2528 461 2550 τι
511 2516 696 2560 δράσετε).
756 2539 791 2542 -
836 2520 880 2552 18
910 2518 1146 2553 Alexander:
1196 2519 1234 2552 in
1283 2519 1420 2552 Rasur.
1471 2538 1507 2541 —

105 2565 150 2597 20
173 2563 260 2596 Non
284 2564 341 2596 cst
371 2591 376 2596 .
396 2590 426 2597 ..
456 2563 608 2598 fraude:
633 2564 784 2599 ahnlich
800 2566 832 2599 A
853 2565 922 2610 Sy3
947 2565 1043 2599 fehlt
1068 2579 1110 2600 ω.
1134 2585 1171 2589 -—
1193 2568 1238 2600 23
1261 2565 1509 2600 semivivum:

102 2610 141 2644 in
164 2611 301 2644 Rasur.

176 2692 347 2724 Pfister,
370 2692 690 2720 Alexanderroman.
1327 2695 1343 2721 7

1541 651 1563 676 Β
1589 649 1682 677 2091)

1541 851 1574 878 10
