1778 2875
720 116 974 148 -129—

143 226 258 276 gium
293 226 573 277 Olimpiadem
608 231 787 264 matrem
822 238 954 275 suam,
991 239 1097 277 quae
1132 226 1260 265 vidua
1294 230 1369 265 est.
1436 225 1554 265 Abiit

144 296 187 330 et
220 291 328 330 dixit
361 290 415 330 ei:
484 290 556 339 „Si
592 291 780 330 facturus
813 290 938 329 fueris
970 304 1043 329 rex
1077 290 1118 329 in
1151 303 1276 342 regno
1310 290 1551 339 Alexandri,

143 355 244 407 quid
268 354 371 394 mihi
393 355 499 395 bene
525 355 712 394 facturus
736 368 777 394 es
793 355 837 394 ?“
882 356 941 394 At
964 355 1029 394 ille
1053 355 1178 394 dixit:
1226 355 1423 404 „Facio,“
1449 355 1553 395 dans

144 420 200 458 illi
238 425 560 459 sacramentum.

250 485 287 524 4.
325 485 605 524 Diffamatum
639 490 703 523 est
735 497 807 535 per
842 488 1040 522 cunctum
1075 484 1277 535 populum
1311 497 1422 523 mors
1455 485 1586 524 Ale-5

143 550 305 588 xandri.
379 548 673 588 Presentaliter
710 552 932 587 erexerunt
969 561 1009 587 se
1047 549 1187 587 cuncti
1224 549 1473 588 Macedones
1510 554 1553 588 et

142 619 344 665 ceperunt
377 613 595 653 vociferari
628 613 831 651 dicentes:
899 612 1102 661 „Scitote,
1139 613 1237 664 quia
1271 626 1414 652 omnes
1447 615 1551 653 occi-

142 679 303 727 demus,
337 679 368 717 si
400 691 484 717 non
515 677 760 716 monstratis
792 677 912 716 nobis
945 678 1147 716 seniorem
1179 679 1414 717 nostrum.“
1480 679 1551 717 Ille

141 749 286 782 autem
316 744 357 782 in
389 748 524 782 stratu
555 755 642 791 suo,
674 742 715 781 in
747 754 829 793 quo
859 742 1038 791 iacebat,
1070 742 1235 781 audivit
1265 742 1551 782 turbationem

142 821 299 857 eorum,
328 807 616 858 interrogavit,
647 807 746 858 quid
774 806 853 845 hoc
879 812 999 846 esset.
1056 807 1119 845 Illi
1147 812 1304 856 autem,
1333 808 1404 859 qui
1431 813 1552 847 erant
1579 821 1618 849 ιο

140 886 237 912 cum
276 886 337 921 eo,
377 872 591 911 dixerunt:
669 871 946 922 „Congregati
985 884 1127 911 omnes
1166 872 1416 911 Macedones
1455 885 1549 911 cum
1576 880 1601 907 Β
1625 880 1721 908 2ῐ9ιι

142 938 267 976 armis
319 937 469 976 volunt
510 949 586 975 nos
629 936 814 975 occidere
868 936 1070 976 dicentes:
1158 937 1378 976 Ostendite
1432 937 1550 976 nobis

141 1003 343 1041 seniorem
394 1002 626 1041 nostrum.“
713 1001 821 1052 Quid
875 1001 973 1040 fecit
1012 1002 1281 1041 Alexander?
1334 1002 1551 1053 Praecepit

141 1067 344 1106 militibus
370 1067 466 1115 suis,
494 1071 542 1105 ut
567 1066 762 1105 tollerent
787 1079 881 1105 eum
909 1079 1004 1105 cum
1029 1067 1119 1117 ipso
1144 1067 1252 1106 lecto
1278 1072 1321 1106 et
1346 1072 1551 1119 ponerent

139 1145 236 1171 eum
262 1132 303 1170 in
329 1132 600 1170 eminentiore
626 1136 668 1170 et
695 1131 879 1182 spatioso
905 1131 1008 1180 loco,
1036 1137 1084 1170 ut
1109 1137 1250 1183 posset
1275 1132 1328 1171 ab
1355 1132 1550 1171 omnibus
1573 1140 1610 1168 ¹5

140 1197 284 1235 videri.
329 1196 384 1235 Et
408 1201 509 1235 tunc
532 1196 630 1235 fecit
654 1196 823 1235 introire
847 1209 990 1235 omnes
1013 1201 1111 1235 ante
1135 1209 1176 1235 se
1199 1210 1294 1236 cum
1316 1210 1400 1236 uno
1424 1197 1548 1236 vesti·
1575 1205 1634 1234 135
1652 1207 1675 1232 L

138 1267 295 1300 mento.
378 1261 636 1300 Introierunt
676 1274 748 1312 per
790 1274 917 1300 unam
958 1266 1122 1312 partem
1163 1267 1205 1301 et
1245 1262 1437 1301 exierunt
1479 1275 1550 1313 per

139 1326 277 1375 aliam,
319 1327 606 1377 unusquisque
648 1326 838 1365 osculans
879 1339 988 1375 eum,
1031 1327 1242 1378 suspirans
1274 1327 1338 1366 ille
1372 1327 1547 1366 fortiter.

141 1391 283 1430 Fletus
318 1391 463 1442 ingens
499 1403 547 1430 ac
582 1390 770 1442 ploratus
806 1404 982 1442 magnus
1018 1397 1108 1430 erat
1143 1392 1185 1430 in
1221 1405 1268 1431 eo
1304 1392 1393 1431 loco
1431 1392 1548 1443 quasi

138 1456 363 1495 tonitruus.
401 1456 531 1495 Credo
551 1456 732 1505 interim,
754 1456 851 1507 quia
871 1469 954 1495 non
975 1456 1049 1495 soli
1068 1456 1257 1495 homines
1277 1457 1550 1508 ploraverunt
1570 1465 1610 1493 20

137 1520 208 1570 ibi,
229 1520 299 1560 sed
319 1521 447 1560 etiam
467 1533 542 1572 pro
562 1526 650 1560 tam
670 1534 822 1572 magno
841 1534 934 1572 rege
955 1521 1013 1560 sol
1033 1522 1227 1561 tristatus
1248 1527 1323 1560 est.
1367 1522 1549 1573 Quidam

137 1585 402 1634 Macedonas,
428 1586 625 1625 Peleucos
655 1586 835 1635 nomine,
875 1599 1049 1625 manens
1088 1587 1128 1625 in
1168 1587 1437 1638 simplicitate
1475 1600 1547 1626 sua

137 1655 254 1689 stans
278 1663 406 1702 prope
430 1651 586 1689 lectum
609 1651 837 1690 Alexandri
861 1651 969 1690 dixit
994 1651 1068 1690 illi:
1118 1651 1397 1700 ,‚Alexander,
1426 1652 1548 1703 Filip-

137 1728 229 1767 pus,
264 1720 383 1767 pater
416 1720 567 1763 voster,
600 1715 705 1755 bene
738 1715 990 1767 gubernavit
1022 1729 1209 1767 regnum,
1245 1716 1355 1768 quod
1390 1717 1547 1765 tenuit,

136 1780 208 1819 sed
243 1780 456 1819 bonitates
491 1785 587 1819 tuas
623 1781 716 1832 quis
749 1781 942 1819 estimare
979 1781 1134 1832 pot-erit
1150 1782 1193 1819 ?“
1263 1782 1380 1820 Tunc
1416 1782 1549 1821 erexit
1567 1791 1606 1818 25

139 1858 180 1884 se
207 1844 444 1884 Alexander
471 1850 513 1884 et
540 1845 659 1884 sedit.
715 1846 958 1885 Percuciens
986 1851 1131 1897 pectus
1159 1859 1281 1885 suum
1310 1847 1421 1897 cepit
1449 1847 1546 1885 fiere

137 1910 336 1948 amariter
370 1914 412 1948 et
445 1922 546 1949 voce
581 1923 733 1961 magna
767 1910 908 1961 lingua
942 1911 1211 1950 Macedonica
1233 1912 1370 1963 coepit
1391 1911 1544 1950 dicere:

136 1974 263 2022 „Heu
303 1987 383 2023 me,
425 1975 660 2014 Alexander
701 1976 878 2014 moritur
919 1981 961 2014 et
1002 1975 1247 2015 Macedonia
1288 1977 1542 2015 minuetur.'‘

134 2038 254 2077 Tunc
297 2039 557 2088 Macedones,
605 2041 675 2092 qui
719 2040 937 2079 astabant:
1026 2041 1201 2089 „Melius
1246 2041 1383 2080 fuerat
1425 2041 1547 2080 nobis

137 2103 331 2142 omnibus
372 2104 475 2143 mori
518 2110 670 2153 tecum,
715 2106 812 2156 quia
854 2110 949 2156 post
990 2111 1168 2144 mortem
1212 2111 1329 2145 tuam
1371 2119 1544 2157 regnum
1565 2116 1605 2143 30

137 2210 344 2254 mitgeteilt
363 2210 449 2252 hat;
470 2211 506 2245 in
530 2225 560 2246 ω
579 2211 676 2255 folgt
696 2212 764 2246 das
784 2212 1009 2246 Testament
1029 2214 1106 2245 erst
1125 2212 1163 2246 in
1186 2212 1243 2246 III
1267 2214 1324 2247 33.
1362 2233 1397 2237 —
1421 2214 1440 2246 5
1464 2212 1543 2246 Dif-

134 2256 284 2292 famata
321 2258 386 2292 La.
423 2279 457 2282 -
494 2259 532 2293 13
563 2259 738 2304 praecepi
759 2259 857 2293 korr.
897 2259 953 2293 Ba
988 2259 1026 2293 in
1063 2260 1270 2304 praecepit.
1307 2280 1342 2283 —
1375 2262 1419 2294 16
1457 2270 1544 2294 cum

136 2314 212 2338 uno
236 2314 291 2339 v.:
324 2305 588 2350 μονοχίτωνας
610 2307 664 2340 Ar
689 2306 808 2347 Aeth3
833 2317 919 2341 cum
953 2306 1111 2350 singulis
1140 2307 1279 2341 tunicis
1303 2307 1406 2351 Epit.
1432 2308 1542 2341 Mett.

137 2361 172 2395 p.
202 2352 271 2386 105
300 2352 358 2385 ed.
387 2352 563 2396 Wagner.
591 2374 627 2377 —
651 2355 693 2387 21
725 2353 778 2387 sol
808 2355 853 2387 tr.
884 2355 958 2389 est:
987 2364 1028 2388 so
1056 2353 1153 2388 auch
1185 2354 1248 2398 Sy.
1285 2374 1321 2378 -—
1353 2355 1397 2387 22
1421 2364 1542 2388 mace-

136 2398 435 2442 donaspeleucos
461 2399 533 2441 Ba3
556 2401 750 2440 Πευκῶος
773 2401 823 2441 A;
847 2401 1086 2440 Πευκαλῶος
1115 2402 1185 2442 Αῐ·;
1211 2401 1278 2435 der
1300 2401 1423 2436 Name
1447 2401 1543 2435 fehlt

138 2444 169 2479 B
189 2444 215 2479 C
234 2445 357 2490 LBy;
394 2447 562 2490 gemeint
600 2449 649 2483 ist
675 2448 907 2490 Peukolaos;
937 2449 1012 2493 vgl.
1042 2448 1151 2483 Ausf.
1182 2448 1321 2483 Rhein.
1354 2449 1450 2484 Mus.
1481 2449 1540 2489 52,

135 2494 220 2527 567.
269 2513 306 2516 —
349 2494 392 2527 25
426 2495 530 2528 tuas:
564 2504 605 2528 as
635 2495 673 2527 in
706 2494 849 2536 Rasum
882 2495 1036 2529 bonitas
1068 2497 1136 2529 tua
1171 2495 1228 2537 J1;
1264 2495 1338 2530 Leo
1369 2495 1439 2529 hat
1463 2496 1542 2530 also

138 2538 330 2573 vielleicht
373 2541 462 2574 tuae
501 2540 757 2584 geschrieben.
813 2562 848 2565 -
898 2544 943 2576 26
984 2542 1103 2585 cepit:
1144 2542 1310 2576 n'amlich
1345 2542 1539 2576 Peleucos

143 2606 181 2611 —
213 2588 255 2621 27
295 2586 479 2630 linguam,
518 2597 554 2621 m
593 2588 820 2629 ausradiert,
860 2588 928 2623 Ba.

209 2669 381 2702 Pfister‚
404 2669 721 2697 Alexanderroman.
1357 2672 1374 2698 9
