1778 2875
238 219 426 268 „Mulier,
458 219 684 269 concepisti
714 219 755 257 in
785 223 902 258 utero
933 220 1191 259 defensorem
1222 225 1342 259 tuum
1373 226 1414 260 et
1444 221 1494 260 de
1524 227 1642 273 patre

123 295 162 322 37
190 296 213 321 L
240 296 313 322 suo
346 282 580 334 Philippos
614 287 655 322 et
686 284 805 334 quasi
835 285 995 324 videret
1027 286 1160 323 celata
1190 286 1379 325 membra
1410 286 1517 325 illius
1548 299 1642 325 con-

239 361 353 387 suere
377 353 505 399 atque
530 348 690 398 signare
714 361 838 387 aureo
863 350 999 388 3111110.
1046 351 1139 400 Ipse
1163 363 1260 388 vero
1285 351 1435 390 anulus
1459 350 1643 390 habebat

69 425 93 451 Β
118 425 174 453 195
197 432 214 451 a
238 413 418 463 lapidem
455 413 679 463 sculptum,
717 418 844 464 caput
878 415 1005 453 leonis
1040 420 1081 453 et
1117 415 1349 453 claritatem
1386 416 1480 454 solis
1515 420 1642 468 atque

193 491 211 517 5
239 478 436 527 gladium.
480 478 594 516 Haec
615 478 760 516 videns
782 479 960 518 surrexit
981 484 1023 518 et
1044 480 1294 518 convocavit
1315 480 1367 519 ad
1390 493 1430 519 se
1453 480 1641 529 ariolum,

237 543 307 594 qui
340 543 685 594 interpretaretur
719 544 939 592 somnium,
980 545 1089 596 quod
1125 544 1300 583 viderat.
1364 545 1437 583 Cui
1471 546 1640 584 ariolus:

238 607 470 659 „Philippe,
508 608 611 646 scias
646 620 719 658 pro
755 613 881 656 certo,
919 610 1014 660 quia
1051 610 1241 660 concepit
1277 609 1524 661 Olimpiadis
1558 622 1642 649 non

236 673 288 711 ab
316 672 482 711 homine
510 673 577 711 sed
607 686 630 711 a
657 673 747 711 deo.
798 674 935 724 Caput
960 687 1142 725 namque
1170 675 1299 713 leonis
1326 679 1453 725 atque
1481 675 1643 725 gladius

237 738 363 776 talem
384 738 643 776 intellectum
664 736 805 786 habet,
829 739 926 789 quia
946 739 1024 787 ille,
1047 740 1118 790 qui
1139 740 1251 777 nasci
1273 738 1411 787 debet,
1434 740 1643 790 pertinget

180 814 217 842 10
240 817 369 854 usque
399 803 448 841 ad
482 803 683 841 orientem
713 803 938 853 pugnando
968 809 1095 855 atque
1125 818 1195 855 per
1225 804 1409 853 gladium
1439 804 1642 855 capiendo

237 868 469 906 civitates.“

343 933 379 970 9.
407 933 519 971 Inter
542 931 643 970 haec
666 938 807 971 autem
831 934 1036 983 pugnavit
1060 933 1275 984 Philippus
1299 939 1340 972 et
1362 934 1463 972 vicit
1487 934 1642 985 coepit-

237 1012 315 1049 que
344 998 475 1036 redire
504 997 806 1036 Macedoniam.
864 998 1064 1037 Ohviavit
1093 999 1148 1037 illi
1179 998 1424 1049 Olimpiadis
1453 1003 1495 1037 et
1524 1011 1642 1037 oscu-

236 1063 340 1101 lavit
370 1075 484 1109 eum3
516 1063 694 1101 intuitus
724 1067 787 1101 est
817 1076 908 1101 eam
941 1062 1175 1114 Philippus3
1208 1064 1315 1102 dixit
1345 1064 1400 1102 ei:
1461 1063 1564 1111 „Cui
1594 1068 1641 1102 tu

178 1135 214 1162 ¹5
237 1133 278 1166 te
308 1128 531 1175 tradidisti,
564 1127 842 1178 Olimpiadis?
900 1128 1087 1167 peccasti
1115 1129 1155 1167 in
1186 1141 1310 1179 quem
1326 1128 1341 1166 P
1402 1129 1494 1166 Non
1550 1141 1642 1179 pec-

239 1193 355 1240 casti,
388 1192 485 1243 quia
515 1192 600 1230 vim
633 1192 867 1231 sustinuisti
899 1205 923 1231 a
953 1193 1042 1231 deo.
1103 1193 1190 1244 Ego
1221 1194 1363 1244 itaque
1396 1198 1534 1231 totum
1565 1192 1643 1232 1100

236 1271 307 1308 per
340 1258 546 1296 somnium
579 1257 684 1305 vidi;
717 1257 889 1308 proinde
921 1257 1296 1309 inreprehensibilis
1327 1271 1412 1296 esse
1445 1258 1638 1297 viderisf‘

347 1323 406 1361 10.
441 1322 633 1373 Quadam
669 1335 766 1361 vero
805 1323 869 1361 die
895 1323 1145 1374 epulabatur
1172 1322 1388 1374 Philippus
1421 1327 1462 1361 et
1486 1323 1643 1362 letatus

237 1393 299 1426 est
329 1387 463 1426 valde.
525 1387 791 1426 Nectanebus
822 1401 892 1438 per
923 1393 1055 1426 artem
1086 1388 1290 1438 magicam
1322 1388 1642 1438 transfiguravit

176 1466 215 1492 20
237 1466 277 1491 se
310 1453 351 1491 in
385 1453 562 1490 formam
596 1452 786 1490 draconis
818 1457 859 1491 et
892 1465 962 1503 per
995 1453 1178 1491 medium
1211 1453 1449 1501 triclinium,
1484 1453 1525 1490 in
1559 1465 1641 1503 quo

237 1517 483 1556 comedebat
523 1516 751 1568 Philippus,
792 1518 959 1556 transiit
998 1523 1124 1569 atque
1164 1518 1349 1556 sibilavit
1388 1517 1640 1565 terribiliter,

237 1583 307 1634 qui
340 1594 538 1633 pavorem
572 1587 613 1620 et
643 1582 927 1621 turbationem
964 1583 1121 1621 inmisit
1141 1583 1182 1621 in
1204 1595 1284 1631 eos,
1310 1583 1379 1633 qui
1402 1579 1641 1634 conviv[a]e

237 1653 368 1695 erant,
405 1651 446 1686 et
481 1648 824 1698 appropinquans
859 1648 911 1686 ad
948 1648 1225 1699 Olimpiadem
1262 1652 1389 1698 caput
1425 1647 1566 1697 posuit
1600 1647 1640 1685 111

335 1732 369 1766 8.
396 1730 451 1774 [Zi
476 1731 699 1773 1353425]
719 1732 737 1763 2
762 1729 951 1764 membra:
974 1731 1038 1775 τὴν
1061 1730 1177 1774 φύσιν
1198 1730 1324 1773 αὐτῆς.
1353 1749 1388 1752 -
1414 1730 1432 1762 5
1448 1728 1637 1772 gladium:

235 1788 262 1811 s.
282 1777 379 1811 Einl.
407 1780 464 1812 21.
490 1798 525 1801 -
554 1780 573 1811 6
594 1776 751 1812 ariolus:
788 1777 831 1810 In
854 1792 884 1812 ω
903 1777 953 1811 ist
980 1777 1040 1811 die
1062 1778 1244 1820 Deutung
1263 1775 1553 1811 ausfuhrlicher.
1588 1776 1640 1809 Es

233 1824 327 1859 wird
365 1835 488 1868 genau
530 1824 756 1859 beliandelt:
796 1828 828 1859 1.
868 1824 1107 1869 σφραγίζειν,
1147 1826 1178 1857 2.
1221 1824 1362 1868 βίβλος,
1403 1826 1435 1857 3.
1477 1823 1638 1868 χρυσός,

235 1875 267 1906 4.
298 1872 414 1916 ἥλιος,
442 1872 630 1916 δοράτιον,
658 1872 766 1915 λέων,
797 1872 829 1905 5.
864 1873 1042 1906 Ammon.
1090 1871 1155 1905 Bei
1190 1871 1263 1904 Leo
1298 1870 1421 1904 findet
1454 1870 1533 1905 sich
1569 1880 1641 1904 nur

235 1929 283 1953 no
309 1922 341 1953 4.
366 1940 402 1943 -
421 1922 440 1953 8
474 1920 512 1953 Jl
534 1918 683 1954 schiebt
704 1929 773 1953 vor
793 1921 910 1963 atque
931 1919 1081 1962 gladius
1102 1918 1199 1952 noch
1222 1928 1354 1951 cursus
1375 1917 1464 1951 solis
1484 1918 1545 1951 ein
1568 1917 1638 1951 mit

235 1966 365 2010 Bezug
385 1967 451 2001 auf
479 1967 548 2000 clas
575 1966 751 2009 folgende
780 1966 827 2000 ad
858 1966 1057 2000 orientem.

334 2015 369 2049 9.
398 2014 455 2057 [Zi
481 2016 562 2056 135,
593 2015 775 2056 26-136,
803 2015 840 2057 8]
866 2016 910 2047 12
937 2013 1124 2057 pugnavit
1148 2012 1185 2046 in
1212 2013 1338 2046 Rasur
1363 2012 1431 2046 Ba.
1464 2032 1500 2035 —
1530 2011 1637 2046 Nach

234 2062 272 2095 et
296 2061 389 2095 vicit
413 2061 551 2095 Zusatz
576 2071 651 2095 von
672 2061 728 2095 le
757 2071 785 2095 s.
810 2061 907 2094 Einl.
932 2064 987 2096 17.
1028 2081 1063 2084 ἡ-
1098 2061 1141 2093 15
1164 2059 1353 2094 Peccasti:
1387 2059 1641 2104 ἀμαρτήσασα

235 2109 309 2153 οὐχ
339 2109 508 2153 ἥμαρτες
534 2109 579 2142 A.

337 2157 393 2191 10.
419 2156 476 2199 [Zi
507 2157 590 2198 136,
615 2157 752 2198 9—18]
785 2155 827 2189 111
867 2169 898 2190 ω
929 2154 1022 2189 Wird
1052 2164 1117 2188 zur
1146 2153 1362 2197 Erklarung
1399 2153 1466 2187 des
1496 2152 1638 2196 folgen-

235 2202 307 2236 den
328 2202 679 2246 vorausgeschickt,
701 2201 853 2246 Philipp
876 2201 974 2236 habe
995 2201 1060 2235 der
1075 2201 1275 2245 Olympias
1295 2200 1374 2234 ihre
1393 2200 1638 2243 Schwanger-

234 2249 360 2283 schaft
397 2249 452 2284 als
489 2249 596 2284 nicht
632 2259 707 2283 von
746 2249 867 2283 einem
907 2249 1024 2283 Gotte
1058 2247 1292 2282 herr‘uhrend
1339 2258 1425 2281 zum
1460 2246 1639 2282 Vorwurf

234 2296 425 2339 gemacht.
491 2297 579 2330 Dies
613 2296 724 2330 horte
750 2296 1017 2338 Nektanebus,
1048 2295 1114 2329 der
1144 2295 1281 2329 darauf
1309 2294 1417 2338 jenes
1448 2294 1545 2329 auch
1578 2294 1637 2328 bei

237 2343 310 2377 Leo
342 2343 526 2378 stehende
556 2343 729 2378 Wunder
754 2343 974 2377 hervorrief.
1029 2343 1103 2377 Am
1130 2341 1271 2376 Schluss
1297 2342 1362 2375 des
1398 2342 1496 2385 Kap.
1531 2341 1639 2375 heisst

235 2401 273 2424 es
296 2391 332 2424 in
361 2405 405 2432 ω,
432 2391 582 2435 Philipp
607 2391 659 2424 sei
684 2400 758 2424 von
784 2390 851 2425 der
886 2389 1140 2425 Gottlichkeit
1168 2389 1234 2423 des
1259 2389 1461 2432 kunftigen
1493 2388 1639 2422 Sohnes

235 2437 444 2481 iiberzeugt
474 2438 640 2472 worden.
672 2457 705 2460 —
732 2439 775 2471 22
799 2438 863 2482 qui
892 2447 1091 2481 pavorem:
1129 2436 1176 2470 So
1209 2437 1241 2470 A
1273 2436 1324 2480 Sy
1351 2436 1471 2477 Aeth3
1501 2435 1638 2470 anders

237 2498 284 2520 co:
323 2486 421 2519 ὥστε
454 2486 498 2519 wi
524 2485 687 2529 θεμέλια
722 2486 919 2529 σεισθῆναι
956 2488 1025 2520 τοῦ
1061 2484 1259 2518 παλατίου.
1301 2504 1335 2507 —
1376 2483 1419 2516 In
1456 2496 1487 2518 ω
1519 2482 1639 2517 ausser

233 2532 267 2566 A
297 2532 348 2575 Sy
373 2532 446 2565 Leo
479 2532 572 2566 wird
596 2531 693 2567 noch
723 2532 782 2566 die
816 2531 1100 2574 Verwandlung
1133 2531 1200 2564 der
1235 2530 1422 2573 Schlange
1455 2530 1494 2564 in
1527 2530 1636 2563 einen

235 2579 351 2614 Adler
383 2579 538 2613 erzahlt.
