1778 2875
724 167 953 200 -83-

136 290 229 316 rum
260 277 401 316 vincet
432 277 735 328 plenitudinem
766 276 1054 323 barbarorum,
1089 276 1186 327 quia
1217 280 1259 314 et
1290 287 1398 313 unus
1430 274 1542 313 canis

138 342 368 381 maximam
402 354 565 392 gregem
599 341 843 380 animalium
878 340 1076 392 spargit.“

245 407 282 446 8.
317 407 407 445 Hoc
437 406 691 445 consiliando
710 406 859 444 Darius
887 419 960 444 rex
991 410 1241 455 congregata
1271 404 1543 443 multitudine

139 471 337 520 hostium,
374 483 534 510 moram
570 471 747 510 faciente
782 471 823 509 in
859 470 995 509 Cilicia
1033 469 1150 508 venit
1187 466 1452 522 [Alexander]
1491 468 1543 507 ad

141 536 321 575 fluvium
358 536 583 583 Oceanum,
621 549 671 574 ex
708 547 790 586 quo
827 534 1008 573 decurrit
1045 547 1153 585 aqua
1189 533 1466 585 pulcherrima
1502 538 1543 572 et
1566 547 1584 573 5

143 601 276 639 fortis.
336 600 501 639 Accidit
530 600 742 639 voluntati
772 599 871 647 eius,
903 604 951 637 ut
981 599 1186 638 lavaretur
1224 599 1264 637 in
1296 611 1356 636 eo.
1424 598 1543 649 Quod
1569 611 1607 637 78
1636 610 1657 635 L

142 670 185 705 et
212 666 372 704 factum
398 670 474 704 est.
528 665 607 704 Sed
634 665 731 704 lesio
759 664 871 702 facta
898 668 961 702 est
987 664 1027 702 in
1055 664 1136 711 ill0,
1165 664 1262 715 quia
1288 676 1359 714 per
1388 662 1546 713 frigitu-

143 730 282 769 dinem
329 729 605 782 apprehendit
651 742 746 768 eum
793 729 908 767 dolor
956 729 1116 779 capitis,
1165 734 1292 779 atque
1339 728 1548 778 egrotavit

143 795 320 834 fortiter.
377 795 577 834 Videntes
606 799 749 833 autem
779 794 1027 832 Macedones
1056 794 1172 832 illum
1203 793 1395 843 egrotari,
1426 792 1547 831 valde

144 860 284 899 tristes
316 860 456 899 effecti
489 864 586 898 sunt
619 859 876 906 dubitantes,
911 864 959 897 ut
992 872 1074 897 non
1108 858 1272 897 audiret
1307 857 1456 896 Darius
1489 857 1548 895 in·
1574 876 1609 902 10

145 925 391 963 firmitatem
427 924 654 963 Alexandri
700 928 742 963 et
788 924 943 962 faceret
988 924 1193 974 impetum
1231 936 1352 974 super
1399 935 1466 961 eos
1503 934 1551 960 ac

80 996 83 999 ’
145 989 301 1028 deleret
326 989 428 1028 illos.
483 989 649 1028 Sanitas
676 989 817 1040 itaque
844 988 1071 1027 Alexandri
1098 1001 1240 1026 omnes
1267 987 1549 1026 confortabat.

259 1054 439 1105 Quidam
484 1054 644 1093 iuvenis
688 1054 854 1092 nomine
902 1053 1101 1104 Filippus,
1137 1076 1189 1079 —
1223 1053 1422 1103 diligebat
1456 1064 1551 1091 eum

151 1118 331 1157 multum
374 1118 610 1157 Alexander
652 1142 704 1145 —
747 1123 837 1157 erat
880 1118 990 1157 enim
1034 1118 1232 1165 medicus,
1277 1123 1319 1156 et
1362 1117 1553 1168 promisit

147 1183 398 1231 Alexandro,
443 1188 490 1222 ut
532 1184 651 1222 daret
692 1183 749 1222 illi
792 1184 1005 1234 potionem
1049 1188 1176 1234 atque
1219 1183 1401 1221 salvaret
1443 1194 1551 1221 eum.
1577 1202 1611 1227 15

154 1249 334 1300 Quidam
357 1249 545 1299 princeps
568 1246 792 1301 milici[a]e,
823 1248 891 1299 qui
917 1248 1089 1286 tenebat
1106 1248 1361 1295 Armeniam,
1392 1247 1551 1295 (h)odio
1575 1267 1598 1292 Β
1624 1265 1684 1292 204
1700 1273 1715 1292 c

148 1313 333 1352 habebat
357 1313 467 1352 hunc
490 1314 712 1361 medicum,
739 1326 785 1352 eo
811 1313 921 1364 quod
948 1312 1198 1363 diligebatur
1224 1312 1275 1351 ab
1300 1312 1552 1351 Alexandro.

152 1377 326 1429 Scripsit
355 1378 573 1429 epistolam
604 1391 649 1417 ac
680 1378 831 1417 direxit
860 1378 1098 1416 Alexandro
1129 1378 1286 1416 dicens:
1346 1377 1483 1425 „Cave
1514 1381 1555 1414 te

150 1456 174 1482 a
211 1443 371 1482 medico
411 1443 573 1494 Filippo
612 1449 653 1482 et
682 1443 765 1481 noli
798 1443 935 1482 bibere
965 1443 1178 1493 potionem
1208 1443 1307 1490 eius,
1338 1442 1435 1493 quia
1464 1454 1555 1492 pro-

151 1507 266 1546 misit
300 1508 335 1546 ei
373 1508 520 1547 Darius
554 1522 625 1547 rex
662 1509 758 1547 dare
795 1521 913 1547 suam
949 1520 1129 1546 sororem
1165 1508 1205 1546 in
1241 1507 1479 1557 coniugium
1515 1511 1556 1544 et
1577 1521 1616 1547 20

152 1573 307 1611 faceret
343 1585 436 1611 eum
475 1578 709 1612 consortem
747 1574 786 1611 in
826 1586 898 1611 suo
936 1585 1074 1623 regno,
1114 1573 1144 1610 si
1183 1572 1401 1611 occidisset
1437 1571 1554 1609 vos.“

152 1637 255 1677 Cum
275 1641 416 1676 autem
436 1644 697 1689 preparasset
718 1638 904 1689 Filippus
933 1638 1147 1689 potionem
1177 1638 1274 1676 dare
1303 1636 1556 1684 Alexandro,

153 1702 341 1753 portavit
367 1702 479 1742 illam
507 1708 604 1742 ante
632 1716 726 1742 eum
755 1708 809 1751 et,
839 1708 1067 1754 antequam
1095 1715 1187 1741 eam
1215 1702 1389 1750 biberet,
1419 1714 1558 1752 super-

154 1766 271 1805 venit
300 1767 335 1805 ei
366 1767 454 1818 ipsa
484 1768 673 1819 epistola.
738 1768 909 1819 Recepit
939 1780 1031 1807 eam
1064 1780 1110 1806 ac
1139 1767 1297 1817 relegit,
1330 1771 1559 1818 antequam

154 1832 368 1882 potionem
401 1832 574 1881 biberet,
609 1838 651 1872 et
683 1846 766 1871 non
800 1838 862 1872 est
883 1832 1105 1880 turbatus
1141 1833 1237 1884 quia
1271 1836 1361 1871 erat
1394 1843 1560 1870 securus
1582 1846 1619 1873 25

155 1896 205 1935 de
228 1897 479 1937 conscientia
502 1898 665 1949 Filippi.
727 1897 963 1937 Alexander
995 1898 1138 1948 itaque
1160 1910 1243 1936 una
1264 1909 1393 1935 manu
1414 1900 1560 1935 tenens

155 1961 389 2012 epistolam,
432 1961 562 2001 altera
604 1962 881 2014 apprehendit
922 1963 1136 2013 potionem
1177 1966 1406 2013 tenensque
1448 1961 1559 1999 illam

156 2026 198 2064 in
232 2038 360 2064 manu
382 2027 630 2078 respiciebat
653 2028 695 2066 in
720 2027 867 2066 faciem
893 2027 1056 2078 Filippi.
1124 2026 1199 2066 Cui
1224 2026 1411 2077 Filippus
1434 2025 1560 2064 dixit:

158 2090 451 2141 „Magnissime
492 2092 733 2143 imperator,
776 2092 860 2131 noli
902 2104 1176 2143 expavescere
1219 2091 1447 2142 potionem,
1491 2090 1561 2130 sed
1586 2106 1624 2132 79
1651 2106 1674 2132 L

158 2155 253 2194 bibe
290 2155 444 2195 illam.“
501 2157 653 2196 Statim
683 2157 815 2197 ebibit
842 2170 934 2196 eam
962 2162 1017 2205 et,
1046 2161 1273 2208 postquam
1300 2156 1413 2195 illam
1440 2155 1562 2203 bibit,
1583 2170 1624 2197 30

159 2220 344 2271 porrexit
391 2221 610 2272 epistolam
661 2222 837 2273 Filippo.
935 2222 1103 2261 Relecta
1155 2221 1341 2272 Filippus
1389 2220 1565 2272 epistola

256 2315 468 2358 8.[Zi174‚
491 2319 532 2351 11
547 2318 674 2358 -176,
697 2319 737 2360 4]
763 2319 783 2351 3
808 2327 1036 2361 congregare
1070 2315 1361 2350 multitudinem
1393 2315 1563 2349 hostium

158 2363 278 2398 iubet.
330 2363 477 2397 Moram
603 2364 710 2398 venit
737 2363 955 2399 Alexander
981 2374 1099 2398 verm.
1131 2363 1195 2397 La.
1232 2383 1267 2387 —-
1298 2364 1318 2397 5
1347 2362 1562 2397 Oceanum:

160 2421 201 2445 so
231 2420 279 2450 ως
318 2409 474 2454 Cydnus
510 2410 649 2455 richtig
684 2411 754 2445 Va.
791 2432 826 2434 —
857 2412 877 2444 5
913 2411 1098 2445 decurrit:
1137 2410 1354 2454 κατάρρουν
1389 2409 1564 2453 ALBy;

160 2456 330 2500 καθαρόν
361 2456 391 2490 Β
418 2457 481 2490 Ar.
511 2478 546 2481 —
577 2459 616 2492 13
644 2458 845 2503 Philippus
873 2458 942 2500 Ba,
980 2458 1031 2502 ph
1061 2468 1129 2492 aus
1155 2458 1170 2492 f
1195 2458 1294 2492 korr.
1327 2456 1482 2500 (ebenso
1508 2456 1565 2491 bis

162 2516 206 2540 zu
243 2504 282 2538 Z.
322 2505 396 2548 28).
444 2525 481 2529 —
521 2507 566 2539 14
598 2505 698 2539 enirn
731 2506 802 2539 mit
833 2505 1030 2539 derselben
1065 2504 1181 2539 Hand
1221 2505 1259 2538 in
1295 2504 1351 2538 Ba
1385 2503 1565 2538 darsiber-

161 2550 418 2597 geschrieben.
454 2571 490 2575 —
523 2553 567 2585 16
595 2552 835 2587 Armeniam:
865 2563 893 2586 s.
924 2552 1022 2586 Einl.
1052 2553 1110 2587 23.
1147 2572 1182 2575 —
1215 2553 1260 2585 20
1288 2552 1344 2586 et:
1374 2552 1418 2585 ut
1446 2560 1564 2584 verm.

163 2600 235 2641 La;
268 2608 296 2631 s.
327 2597 418 2632 aber
443 2598 714 2634 Wochenschr.
745 2599 770 2633 f.
797 2599 847 2633 kl.
892 2598 988 2633 Phil.
1018 2601 1126 2641 1912,
1157 2601 1238 2633 197.
1274 2618 1310 2622 —
1337 2600 1379 2633 27
1405 2597 1566 2632 alteram

163 2646 232 2681 Ba.
267 2666 303 2669 —
338 2647 382 2679 28
406 2645 636 2689 respiciabat
669 2646 769 2680 korr.
794 2646 831 2679 in
863 2646 1090 2691 respiciebat
1114 2645 1181 2680 Ba.

1380 2725 1428 2753 6*
