1778 2875
708 111 936 145 *53-

228 223 293 263 33.
339 223 402 262 Ibi
425 227 544 262 erant
566 227 712 274 portae
736 222 898 260 clausae
927 226 970 260 et
998 220 1239 260 fabricatae.
1285 220 1400 259 Inter
1422 219 1525 258 haec
1551 232 1574 258 Β
1603 231 1695 259 198a

122 293 265 327 autem
298 288 396 327 fecit
428 288 692 327 offertionem
724 286 961 326 Alexander
994 286 1071 325 diis
1103 285 1330 337 deprecans
1363 297 1445 333 eos,
1479 289 1527 323 ut

122 353 307 392 facerent
335 352 391 391 illi
420 352 723 391 divinationem
751 351 801 390 de
830 351 1036 390 omnibus.
1095 350 1157 389 lbi
1185 355 1227 389 et
1255 349 1524 389 obdormivit.
1548 358 1589 386 52
1615 358 1639 384 L

125 418 180 456 Et
202 418 243 456 in
267 418 356 469 ipso
380 430 524 456 somno
549 416 745 468 apparuit
768 417 803 455 ei
827 416 928 455 deus
954 415 1118 466 Serapis
1141 415 1280 454 dicens
1304 415 1378 453 illi:
1405 414 1526 463 „Ale-

123 482 294 531 xandre,
334 487 452 533 potes
490 486 653 520 mutare
691 480 802 519 hunc
838 485 1027 519 montem
1065 484 1107 519 et
1144 485 1310 531 portare
1348 479 1464 518 illum
1480 479 1523 517 ?“

123 547 198 587 Cui
229 547 482 586 Alexander:
519 546 604 595 „Et
635 545 720 593 ubi,
755 545 934 593 domine,
968 557 1138 596 possum
1171 549 1337 595 portare
1370 556 1465 582 eum
1481 544 1524 582 ?“

124 612 198 651 Cui
219 612 303 651 ille:
328 612 454 663 „Quo
474 610 599 649 modo
620 610 697 648 iste
718 622 838 648 mons
858 622 941 648 non
963 609 1237 648 transferetur
1259 609 1308 647 de
1329 608 1418 647 loco
1440 621 1527 657 suo,

127 677 183 715 sic
205 681 248 715 et
270 689 421 715 nomen
446 681 566 714 tuum
589 674 830 714 nullomodo
853 674 1130 713 mutabitur.“
1175 673 1249 713 Cui
1271 673 1525 712 Alexander:

127 741 337 793 „Serapis,
377 741 442 779 dic
479 740 593 788 mihi,
633 752 759 791 quam
799 744 977 778 mortem
1017 739 1147 777 debeo
1187 739 1361 777 facere.“
1455 738 1528 777 Cui

128 806 291 857 Serapis
317 806 441 844 dixit:
490 805 637 854 „Bona
662 817 786 843 causa
811 810 874 843 cst
899 809 941 843 et
966 804 1051 843 sine
1077 804 1217 855 aliqua
1242 803 1526 850 tribulatione,
1554 813 1590 840 10

124 883 207 910 non
243 871 342 909 scire
377 870 587 909 hominem
622 868 767 908 horam
803 870 949 908 mortis
984 881 1094 908 suae.
1163 869 1340 907 Mortem
1375 868 1529 906 iustam

125 935 253 975 habes
275 936 453 986 recipere
477 948 571 973 cum
593 935 776 985 potione.
823 934 1042 985 Suspeccio
1066 933 1206 984 aliqua
1227 945 1310 971 non
1335 933 1388 971 sit
1411 933 1451 971 in
1476 937 1529 977 te,

126 1013 209 1052 qua
231 1000 331 1039 hora
354 999 674 1051 apprehenderit
697 1004 737 1038 te
760 999 996 1038 infirmitas.
1040 999 1225 1037 Morieris
1247 998 1287 1036 in
1310 998 1531 1036 iuventute

127 1071 201 1104 tua
228 1065 482 1104 transeundo
510 1064 643 1103 multa
670 1064 821 1103 mala.“
880 1064 959 1103 Ubi
987 1064 1151 1102 audivit
1178 1063 1255 1101 hoc
1282 1062 1531 1109 Alexander,

126 1131 398 1169 contristatus
416 1134 478 1168 est
496 1130 767 1180 precipitque,
787 1134 834 1168 ut
851 1128 1123 1168 fabricaretur
1137 1128 1298 1176 civitas,
1314 1128 1532 1179 imponens
1557 1139 1592 1167 15

129 1196 185 1234 illi
228 1208 378 1234 nomen
420 1194 687 1233 Alexandria.

234 1261 297 1299 34.
324 1259 449 1298 Dedit
470 1259 718 1298 comitatum
741 1259 943 1297 militibus
965 1259 1061 1307 suis,
1085 1263 1132 1296 ut
1154 1258 1262 1296 irent
1281 1257 1532 1296 Ascalonam

60 1375 66 1378 .
129 1330 171 1364 et
208 1329 479 1376 expectarent
517 1337 624 1363 eum.
699 1324 936 1363 Audierunt
976 1323 1133 1374 Egiptii
1171 1323 1402 1362 adventum
1442 1322 1534 1361 Ale-

129 1390 296 1438 xandri,
336 1390 526 1429 exierunt
564 1389 733 1428 obviam
772 1389 827 1428 illi
867 1394 994 1440 atque
1034 1388 1245 1438 subiugati
1284 1392 1383 1426 sunt
1421 1387 1456 1426 ei
1494 1392 1535 1426 et
1560 1399 1600 1426 53
1627 1399 1651 1425 L

227 1497 286 1531 33.
307 1495 365 1539 [Ζί
388 1498 471 1537 148,
492 1496 628 1538 5—23]
652 1499 668 1530 1
699 1495 755 1529 Ibi
779 1497 888 1529 erant
1002 1494 1232 1529 fabricatae:
1268 1494 1311 1528 In
1344 1508 1375 1528 ω
1413 1493 1537 1527 findet

127 1543 206 1577 sich
227 1542 355 1577 hierzu
378 1542 504 1577 nichts
524 1542 871 1586 Entsprechendes.
914 1542 981 1576 Die
1001 1542 1133 1575 Worte
1153 1541 1237 1575 sind
1258 1541 1357 1575 wohl
1378 1540 1444 1574 auf
1463 1540 1536 1574 den

131 1590 425 1634 Serapistempel
443 1601 487 1624 zu
504 1589 697 1631 beziehen,
714 1590 750 1623 in
767 1589 853 1623 (leni
869 1589 1088 1623 Alexander
1102 1588 1230 1633 opsert
1244 1588 1322 1623 und
1339 1587 1536 1622 schlafend

129 1637 188 1671 die
212 1637 463 1681 Weissagung
486 1637 697 1680 empfangt.
751 1637 793 1671 In
822 1651 852 1671 ω
879 1636 1014 1675 (ausser
1040 1637 1114 1670 Leo
1142 1636 1208 1680 Sy)
1235 1635 1339 1670 steht
1364 1635 1445 1669 hier
1469 1635 1538 1668 das

130 1683 250 1728 Opfer
283 1695 344 1718 am
378 1684 490 1718 Altar
521 1684 600 1718 und
635 1685 703 1718 das
736 1684 986 1718 wunderbare
1021 1683 1233 1718 Auffinden
1268 1682 1334 1716 des
1370 1682 1536 1726 Serapis-

129 1731 361 1775 heiligtums.
419 1731 609 1775 Zingerles
639 1731 736 1765 Text
767 1730 889 1774 (nicht
921 1730 1011 1765 aber
1040 1730 1099 1764 die
1131 1730 1345 1773 Urfassung
1377 1739 1450 1763 von
1484 1729 1538 1770 «ΙΙ,

128 1778 198 1812 wie
220 1788 288 1812 aus
311 1777 397 1812 dem
416 1778 591 1812 Konsens
614 1788 691 1812 von
718 1778 760 1812 J2
781 1778 859 1812 und
882 1778 922 1812 ,1³
945 1777 1190 1821 hervorgeht)
1216 1777 1358 1811 erklart
1381 1776 1536 1819 richtig:

132 1825 182 1859 Et
210 1827 292 1859 erat
320 1825 371 1859 ibi
401 1825 602 1870 templum,
631 1826 738 1860 cuius
767 1828 900 1870 portae
929 1827 1039 1859 erant
1067 1825 1218 1859 clausae
1247 1826 1285 1859 et
1313 1824 1536 1858 fabricatae.

137 1871 336 1906 Vielleicht
376 1873 501 1907 steckt
543 1873 581 1906 in
624 1875 757 1916 portae
790 1891 831 1901 z
863 1873 981 1907 πύλαι
1013 1872 1080 1907 das
1111 1872 1242 1907 στῦλοι
1273 1881 1349 1906 von
1383 1871 1441 1905 Ps.
1500 1891 1535 1894 μ

130 1922 149 1953 4
181 1919 348 1963 Serapis:
378 1920 455 1954 Das
483 1919 567 1953 Bild
605 1920 671 1953 des
699 1921 836 1954 Gottes
871 1919 963 1953 wird
998 1920 1034 1952 in
1064 1933 1094 1953 ω
1122 1920 1258 1958 (ausser
1285 1919 1358 1952 Leo
1379 1918 1446 1962 Sy)
1476 1917 1539 1951 be-

130 1966 340 2000 schrieben.
376 1987 411 1991 —
442 1970 485 2001 12
514 1967 687 2010 potione:
719 1968 794 2000 Der
824 1966 976 2001 Gifttod
1011 1966 1107 2001 auch
1136 1967 1173 2000 in
1203 1966 1255 2011 Sy
1282 1965 1473 2005 erwahnt3
1502 1965 1538 1998 in

131 2015 163 2048 A
180 2014 238 2048 Va
255 2014 308 2047 Ar
332 2014 486 2056 weigert
514 2014 593 2049 sich
623 2014 689 2048 der
720 2014 828 2055 Gott,
857 2013 1034 2048 hieruber
1061 2015 1179 2047 etwas
1208 2024 1252 2047 zu
1281 2023 1414 2057 sagen;
1444 2012 1541 2046 fehlt

131 2071 226 2105 ganz
251 2061 288 2094 in
313 2060 342 2093 B
362 2061 388 2094 C
406 2061 434 2094 L
452 2061 522 2105 By.
554 2082 589 2085 —
618 2062 661 2096 15
689 2062 944 2105 precipitque:
970 2060 1121 2095 ahnlich
1146 2060 1243 2095 auch
1270 2060 1334 2104 Sy,
1359 2070 1432 2093 nur
1455 2070 1539 2094 aus-

131 2107 354 2148 fiihrlicher3
382 2118 477 2151 ganz
505 2108 596 2143 kurz
624 2108 743 2144 A:eth
773 2108 848 2142 and
876 2108 922 2142 he
950 2107 1204 2142 commanded
1234 2107 1337 2142 thern
1368 2109 1406 2141 to
1435 2105 1541 2140 build

132 2165 153 2189 a
180 2155 259 2198 city
289 2154 390 2188 [hele
416 2155 514 2189 after
538 2155 597 2189 his
624 2165 752 2191 name:
780 2155 854 2189 and
882 2166 902 2189 a
928 2156 1007 2199 city
1032 2166 1109 2189 was
1147 2154 1245 2188 built
1271 2154 1391 2196 there,
1415 2153 1539 2187 which

131 2202 162 2235 is
178 2201 424 2236 Alexandria.
459 2202 500 2236 In
522 2216 552 2237 ω
568 2202 664 2236 fehlt
682 2202 773 2244 dies,
791 2202 839 2236 da
856 2202 943 2236 dort
960 2202 1019 2236 die
1037 2202 1252 2245 Grundung
1267 2201 1385 2236 sehon
1403 2200 1543 2235 vorhcr

132 2248 277 2283 erzahlt
302 2259 391 2282 w.ar
423 2269 458 2272 —
485 2250 567 2284 ine
593 2250 659 2283 der
683 2250 858 2284 Konsens
884 2259 959 2283 von
987 2249 1061 2283 Leo
1081 2250 1133 2294 Sy
1158 2249 1270 2290 lehrt,
1296 2248 1370 2292 gab
1395 2258 1434 2281 es
1459 2248 1541 2282 eine

132 2295 361 2340 griechische
386 2295 557 2338 version,
592 2297 629 2331 in
666 2308 700 2331 w
705 2296 829 2331 elcher
860 2296 919 2331 die
945 2296 1157 2340 Erbauung
1180 2296 1248 2330 A]
1232 2276 1435 2330 xaondrias
1471 2305 1543 2329 nur

132 2353 228 2387 ganz
266 2343 358 2376 kurz
395 2343 566 2378 erwahnt
601 2354 692 2385 war⁷
728 2344 910 2378 wahrend
948 2346 1056 2378 sonst
1095 2357 1126 2378 ω
1162 2344 1244 2377 eine
1281 2342 1542 2377 ausfuhrliche

133 2390 254 2429 κτίσις
291 2389 422 2424 bietet.
485 2390 594 2425 Auch
643 2391 722 2425 dies
759 2392 868 2425 weist
905 2391 971 2425 auf
1012 2390 1071 2425 die
1108 2391 1231 2431 κτίσις
1271 2390 1326 2425 als
1364 2391 1542 2434 spateren

135 2436 331 2471 Einschub
360 2437 410 2470 im
440 2437 591 2472 Roman
620 2438 696 2472 hin.

231 2484 362 2527 34.[Zi
385 2487 468 2526 149,
484 2487 621 2528 1—10]
637 2488 680 2520 17
705 2485 954 2521 Ascalonam:
973 2495 1015 2520 so
1037 2485 1135 2520 auch
1160 2485 1230 2528 Sy;
1258 2484 1355 2519 nach
1379 2484 1544 2529 Tripolis

137 2531 303 2575 (obwohl
340 2531 440 2566 diese
480 2532 596 2566 Stadt
633 2534 710 2567 erst
737 2533 774 2566 in
816 2534 896 2567 135
935 2532 1147 2577 gegrundet
1188 2531 1296 2576 wird)
1334 2533 1368 2566 A
1390 2532 1446 2566 Va
1468 2532 1539 2572 Ar:

134 2588 162 2613 s.
190 2578 287 2613 auch
316 2578 414 2613 Einl.
444 2580 501 2613 19.
