<?xml version="1.0" encoding="UTF-8"?>
<!DOCTYPE html PUBLIC "-//W3C//DTD XHTML 1.0 Transitional//EN"
    "http://www.w3.org/TR/xhtml1/DTD/xhtml1-transitional.dtd">
<html xmlns="http://www.w3.org/1999/xhtml" xml:lang="en" lang="en">
 <head>
  <title>
</title>
<meta http-equiv="Content-Type" content="text/html;charset=utf-8" />
  <meta name='ocr-system' content='tesseract 3.04.00' />
  <meta name='ocr-capabilities' content='ocr_page ocr_carea ocr_par ocr_line ocrx_word'/>
</head>
<body>
  <div class='ocr_page' id='page_1' title='image "./deralexanderroma00leoauoft_0118.png"; bbox 0 0 1778 2875; ppageno 0'>
   <div class='ocr_carea' id='block_1_1' title="bbox 65 553 164 580">
    <p class='ocr_par' dir='ltr' id='par_1_1' title="bbox 65 553 164 580">
     <span class='ocr_line' id='line_1_1' title="bbox 65 553 164 580; baseline -0.01 0"><span class='ocrx_word' id='word_1_1' title='bbox 65 553 121 580; x_wconf 81' lang='lat'>107</span> <span class='ocrx_word' id='word_1_2' title='bbox 143 555 164 579; x_wconf 89' lang='lat' dir='ltr'>L</span> 
     </span>
    </p>
   </div>
   <div class='ocr_carea' id='block_1_2' title="bbox 134 819 169 846">
    <p class='ocr_par' dir='ltr' id='par_1_2' title="bbox 134 819 169 846">
     <span class='ocr_line' id='line_1_2' title="bbox 134 819 169 846; baseline 0.029 -1"><span class='ocrx_word' id='word_1_3' title='bbox 134 819 169 846; x_wconf 85' lang='lat'>10</span> 
     </span>
    </p>
   </div>
   <div class='ocr_carea' id='block_1_3' title="bbox 138 1158 172 1183">
    <p class='ocr_par' dir='ltr' id='par_1_3' title="bbox 138 1158 172 1183">
     <span class='ocr_line' id='line_1_3' title="bbox 138 1158 172 1183; baseline 0 0"><span class='ocrx_word' id='word_1_4' title='bbox 138 1158 172 1183; x_wconf 76' lang='lat'>15</span> 
     </span>
    </p>
   </div>
   <div class='ocr_carea' id='block_1_4' title="bbox 25 1358 168 1385">
    <p class='ocr_par' dir='ltr' id='par_1_4' title="bbox 25 1358 168 1385">
     <span class='ocr_line' id='line_1_4' title="bbox 25 1358 168 1385; baseline 0.007 -1"><span class='ocrx_word' id='word_1_5' title='bbox 25 1359 49 1384; x_wconf 84' lang='grc' dir='ltr'>Β</span> <span class='ocrx_word' id='word_1_6' title='bbox 76 1358 168 1385; x_wconf 75' lang='grc'>2121)</span> 
     </span>
    </p>
   </div>
   <div class='ocr_carea' id='block_1_5' title="bbox 134 1489 172 1517">
    <p class='ocr_par' dir='ltr' id='par_1_5' title="bbox 134 1489 172 1517">
     <span class='ocr_line' id='line_1_5' title="bbox 134 1489 172 1517; baseline -0.026 0"><span class='ocrx_word' id='word_1_7' title='bbox 134 1489 172 1517; x_wconf 86' lang='grc'>20</span> 
     </span>
    </p>
   </div>
   <div class='ocr_carea' id='block_1_6' title="bbox 137 1817 173 1843">
    <p class='ocr_par' dir='ltr' id='par_1_6' title="bbox 137 1817 173 1843">
     <span class='ocr_line' id='line_1_6' title="bbox 137 1817 173 1843; baseline -0.028 0"><span class='ocrx_word' id='word_1_8' title='bbox 137 1817 173 1843; x_wconf 82' lang='grc'>25</span> 
     </span>
    </p>
   </div>
   <div class='ocr_carea' id='block_1_7' title="bbox 74 2141 176 2226">
    <p class='ocr_par' dir='ltr' id='par_1_7' title="bbox 74 2141 176 2226">
     <span class='ocr_line' id='line_1_7' title="bbox 137 2141 176 2168; baseline -0.026 0"><span class='ocrx_word' id='word_1_9' title='bbox 137 2141 176 2168; x_wconf 84' lang='grc'>30</span> 
     </span>
     <span class='ocr_line' id='line_1_8' title="bbox 74 2199 175 2226; baseline -0.01 0"><span class='ocrx_word' id='word_1_10' title='bbox 74 2199 132 2226; x_wconf 88' lang='grc'>108</span> <span class='ocrx_word' id='word_1_11' title='bbox 154 2200 175 2225; x_wconf 89' lang='lat' dir='ltr'>L</span> 
     </span>
    </p>
   </div>
   <div class='ocr_carea' id='block_1_8' title="bbox 765 116 1018 148">
    <p class='ocr_par' dir='ltr' id='par_1_8' title="bbox 765 116 1018 148">
     <span class='ocr_line' id='line_1_9' title="bbox 765 116 1018 148; baseline 0.004 -1"><span class='ocrx_word' id='word_1_12' title='bbox 765 116 1018 148; x_wconf 71' lang='lat'>—106—</span> 
     </span>
    </p>
   </div>
   <div class='ocr_carea' id='block_1_9' title="bbox 190 223 1601 925">
    <p class='ocr_par' dir='ltr' id='par_1_9' title="bbox 190 223 1601 925">
     <span class='ocr_line' id='line_1_10' title="bbox 191 223 1598 273; baseline 0.004 -12"><span class='ocrx_word' id='word_1_13' title='bbox 191 229 253 262; x_wconf 60' lang='lat' dir='ltr'>est</span> <span class='ocrx_word' id='word_1_14' title='bbox 271 223 324 262; x_wconf 78' lang='lat' dir='ltr'>ab</span> <span class='ocrx_word' id='word_1_15' title='bbox 344 224 421 262; x_wconf 89' lang='lat' dir='ltr'>illis</span> <span class='ocrx_word' id='word_1_16' title='bbox 440 223 660 273; x_wconf 88' lang='lat' dir='ltr'>ambobus,</span> <span class='ocrx_word' id='word_1_17' title='bbox 680 229 722 263; x_wconf 85' lang='lat' dir='ltr'>et</span> <span class='ocrx_word' id='word_1_18' title='bbox 741 224 1079 264; x_wconf 83' lang='lat' dir='ltr'>vociferaverunt</span> <span class='ocrx_word' id='word_1_19' title='bbox 1098 225 1250 265; x_wconf 76' lang='lat' dir='ltr'>milites</span> <span class='ocrx_word' id='word_1_20' title='bbox 1271 226 1378 265; x_wconf 88' lang='lat' dir='ltr'>Pori.</span> <span class='ocrx_word' id='word_1_21' title='bbox 1414 227 1598 266; x_wconf 90' lang='lat' dir='ltr'>Audiens</span> 
     </span>
     <span class='ocr_line' id='line_1_11' title="bbox 192 288 1599 343; baseline 0.004 -17"><span class='ocrx_word' id='word_1_22' title='bbox 192 289 321 326; x_wconf 83' lang='lat' dir='ltr'>Porus</span> <span class='ocrx_word' id='word_1_23' title='bbox 358 288 701 328; x_wconf 80' lang='lat' dir='ltr'>vociferationem</span> <span class='ocrx_word' id='word_1_24' title='bbox 739 302 905 328; x_wconf 87' lang='lat' dir='ltr'>suorum</span> <span class='ocrx_word' id='word_1_25' title='bbox 945 290 1133 329; x_wconf 86' lang='lat' dir='ltr'>tornavit</span> <span class='ocrx_word' id='word_1_26' title='bbox 1170 296 1311 342; x_wconf 88' lang='lat' dir='ltr'>caput.</span> <span class='ocrx_word' id='word_1_27' title='bbox 1385 291 1599 343; x_wconf 77' lang='lat' dir='ltr'>Impetum</span> 
     </span>
     <span class='ocr_line' id='line_1_12' title="bbox 190 353 1599 407; baseline 0.003 -16"><span class='ocrx_word' id='word_1_28' title='bbox 190 353 343 391; x_wconf 69' lang='lat' dir='ltr'>faciens</span> <span class='ocrx_word' id='word_1_29' title='bbox 392 353 628 392; x_wconf 79' lang='lat' dir='ltr'>Alexander</span> <span class='ocrx_word' id='word_1_30' title='bbox 677 354 841 405; x_wconf 80' lang='lat' dir='ltr'>plicatis</span> <span class='ocrx_word' id='word_1_31' title='bbox 890 354 1066 406; x_wconf 93' lang='lat' dir='ltr'>pedibus</span> <span class='ocrx_word' id='word_1_32' title='bbox 1115 355 1285 394; x_wconf 81' lang='lat' dir='ltr'>exiliens</span> <span class='ocrx_word' id='word_1_33' title='bbox 1334 368 1455 407; x_wconf 89' lang='lat' dir='ltr'>super</span> <span class='ocrx_word' id='word_1_34' title='bbox 1504 369 1599 396; x_wconf 93' lang='lat' dir='ltr'>eum</span> 
     </span>
     <span class='ocr_line' id='line_1_13' title="bbox 190 418 1599 469; baseline 0.003 -13"><span class='ocrx_word' id='word_1_35' title='bbox 190 418 510 469; x_wconf 85' lang='lat' dir='ltr'>percutiensque</span> <span class='ocrx_word' id='word_1_36' title='bbox 532 418 648 457; x_wconf 92' lang='lat' dir='ltr'>illum</span> <span class='ocrx_word' id='word_1_37' title='bbox 671 419 808 469; x_wconf 85' lang='lat' dir='ltr'>gladio</span> <span class='ocrx_word' id='word_1_38' title='bbox 831 423 873 458; x_wconf 84' lang='lat' dir='ltr'>et</span> <span class='ocrx_word' id='word_1_39' title='bbox 895 419 1029 458; x_wconf 89' lang='lat' dir='ltr'>vitam</span> <span class='ocrx_word' id='word_1_40' title='bbox 1052 420 1204 459; x_wconf 81' lang='lat' dir='ltr'>sinivit.</span> <span class='ocrx_word' id='word_1_41' title='bbox 1250 421 1305 459; x_wconf 92' lang='lat' dir='ltr'>Et</span> <span class='ocrx_word' id='word_1_42' title='bbox 1326 425 1428 460; x_wconf 87' lang='lat' dir='ltr'>tunc</span> <span class='ocrx_word' id='word_1_43' title='bbox 1450 421 1599 460; x_wconf 87' lang='lat' dir='ltr'>acriter</span> 
     </span>
     <span class='ocr_line' id='line_1_14' title="bbox 192 482 1600 533; baseline 0.003 -12"><span class='ocrx_word' id='word_1_44' title='bbox 192 487 427 533; x_wconf 85' lang='lat' dir='ltr'>pugnatum</span> <span class='ocrx_word' id='word_1_45' title='bbox 452 488 515 522; x_wconf 89' lang='lat' dir='ltr'>est</span> <span class='ocrx_word' id='word_1_46' title='bbox 540 483 592 522; x_wconf 90' lang='lat' dir='ltr'>ab</span> <span class='ocrx_word' id='word_1_47' title='bbox 618 482 681 522; x_wconf 93' lang='lat' dir='ltr'>his</span> <span class='ocrx_word' id='word_1_48' title='bbox 705 488 747 523; x_wconf 92' lang='lat' dir='ltr'>et</span> <span class='ocrx_word' id='word_1_49' title='bbox 771 483 862 522; x_wconf 92' lang='lat' dir='ltr'>illis.</span> <span class='ocrx_word' id='word_1_50' title='bbox 914 484 1039 524; x_wconf 80' lang='lat' dir='ltr'>Stans</span> <span class='ocrx_word' id='word_1_51' title='bbox 1064 490 1207 524; x_wconf 90' lang='lat' dir='ltr'>autem</span> <span class='ocrx_word' id='word_1_52' title='bbox 1231 485 1468 525; x_wconf 81' lang='lat' dir='ltr'>Alexander</span> <span class='ocrx_word' id='word_1_53' title='bbox 1493 486 1600 525; x_wconf 88' lang='lat' dir='ltr'>dixit</span> 
     </span>
     <span class='ocr_line' id='line_1_15' title="bbox 192 547 1597 602; baseline 0.002 -16"><span class='ocrx_word' id='word_1_54' title='bbox 192 547 287 587; x_wconf 84' lang='lat' dir='ltr'>illis:</span> <span class='ocrx_word' id='word_1_55' title='bbox 319 548 497 597; x_wconf 79' lang='lat' dir='ltr'>‚‚Miseri‚</span> <span class='ocrx_word' id='word_1_56' title='bbox 528 553 624 600; x_wconf 90' lang='lat' dir='ltr'>post</span> <span class='ocrx_word' id='word_1_57' title='bbox 652 554 831 588; x_wconf 85' lang='lat' dir='ltr'>mortem</span> <span class='ocrx_word' id='word_1_58' title='bbox 860 549 965 600; x_wconf 87' lang='lat' dir='ltr'>regis</span> <span class='ocrx_word' id='word_1_59' title='bbox 992 550 1120 589; x_wconf 83' lang='lat' dir='ltr'>vestri</span> <span class='ocrx_word' id='word_1_60' title='bbox 1157 550 1307 602; x_wconf 83' lang='lat' dir='ltr'>utquid</span> <span class='ocrx_word' id='word_1_61' title='bbox 1339 550 1537 602; x_wconf 84' lang='lat' dir='ltr'>pugnatis</span> <span class='ocrx_word' id='word_1_62' title='bbox 1553 550 1597 589; x_wconf 83' lang='lat'>?“</span> 
     </span>
     <span class='ocr_line' id='line_1_16' title="bbox 191 612 1600 665; baseline 0.002 -15"><span class='ocrx_word' id='word_1_63' title='bbox 191 612 265 651; x_wconf 85' lang='lat' dir='ltr'>Cui</span> <span class='ocrx_word' id='word_1_64' title='bbox 299 612 356 651; x_wconf 93' lang='lat' dir='ltr'>illi</span> <span class='ocrx_word' id='word_1_65' title='bbox 390 613 607 653; x_wconf 84' lang='lat' dir='ltr'>dixerunt:</span> <span class='ocrx_word' id='word_1_66' title='bbox 677 614 818 665; x_wconf 79' lang='lat' dir='ltr'>„Quia</span> <span class='ocrx_word' id='word_1_67' title='bbox 852 614 1047 653; x_wconf 91' lang='lat' dir='ltr'>nolumus</span> <span class='ocrx_word' id='word_1_68' title='bbox 1082 615 1257 654; x_wconf 78' lang='lat' dir='ltr'>subdere</span> <span class='ocrx_word' id='word_1_69' title='bbox 1291 615 1411 654; x_wconf 90' lang='lat' dir='ltr'>vobis</span> <span class='ocrx_word' id='word_1_70' title='bbox 1445 620 1600 655; x_wconf 84' lang='lat' dir='ltr'>terram</span> 
     </span>
     <span class='ocr_line' id='line_1_17' title="bbox 190 678 1601 729; baseline 0.003 -14"><span class='ocrx_word' id='word_1_71' title='bbox 190 681 392 726; x_wconf 84' lang='lat' dir='ltr'>nostram,</span> <span class='ocrx_word' id='word_1_72' title='bbox 416 683 466 717; x_wconf 91' lang='lat' dir='ltr'>ut</span> <span class='ocrx_word' id='word_1_73' title='bbox 494 678 788 729; x_wconf 84' lang='lat' dir='ltr'>depredetur.“</span> <span class='ocrx_word' id='word_1_74' title='bbox 834 679 995 729; x_wconf 87' lang='lat' dir='ltr'>Quibus</span> <span class='ocrx_word' id='word_1_75' title='bbox 1017 679 1272 719; x_wconf 83' lang='lat' dir='ltr'>Alexander:</span> <span class='ocrx_word' id='word_1_76' title='bbox 1299 680 1468 728; x_wconf 79' lang='lat' dir='ltr'>⁷‚Cesset</span> <span class='ocrx_word' id='word_1_77' title='bbox 1490 693 1601 719; x_wconf 91' lang='lat' dir='ltr'>nunc</span> 
     </span>
     <span class='ocr_line' id='line_1_18' title="bbox 191 743 1601 796; baseline 0.002 -16"><span class='ocrx_word' id='word_1_78' title='bbox 191 743 393 793; x_wconf 73' lang='lat' dir='ltr'>pugnatio</span> <span class='ocrx_word' id='word_1_79' title='bbox 421 747 463 781; x_wconf 90' lang='lat' dir='ltr'>et</span> <span class='ocrx_word' id='word_1_80' title='bbox 489 743 545 782; x_wconf 88' lang='lat' dir='ltr'>ite</span> <span class='ocrx_word' id='word_1_81' title='bbox 572 743 689 782; x_wconf 88' lang='lat' dir='ltr'>liberi</span> <span class='ocrx_word' id='word_1_82' title='bbox 716 756 763 782; x_wconf 89' lang='lat' dir='ltr'>ac</span> <span class='ocrx_word' id='word_1_83' title='bbox 790 744 922 782; x_wconf 89' lang='lat' dir='ltr'>securi</span> <span class='ocrx_word' id='word_1_84' title='bbox 948 744 989 783; x_wconf 92' lang='lat' dir='ltr'>in</span> <span class='ocrx_word' id='word_1_85' title='bbox 1017 745 1162 783; x_wconf 89' lang='lat' dir='ltr'>domos</span> <span class='ocrx_word' id='word_1_86' title='bbox 1190 750 1364 793; x_wconf 83' lang='lat' dir='ltr'>vestras⁷</span> <span class='ocrx_word' id='word_1_87' title='bbox 1393 744 1490 796; x_wconf 87' lang='lat' dir='ltr'>quia</span> <span class='ocrx_word' id='word_1_88' title='bbox 1517 757 1601 784; x_wconf 92' lang='lat' dir='ltr'>non</span> 
     </span>
     <span class='ocr_line' id='line_1_19' title="bbox 193 808 1599 860; baseline 0.002 -15"><span class='ocrx_word' id='word_1_89' title='bbox 193 808 503 858; x_wconf 78' lang='lat' dir='ltr'>presumpsistis</span> <span class='ocrx_word' id='word_1_90' title='bbox 518 821 592 846; x_wconf 82' lang='lat' dir='ltr'>vos</span> <span class='ocrx_word' id='word_1_91' title='bbox 608 821 791 859; x_wconf 84' lang='lat' dir='ltr'>pugnare</span> <span class='ocrx_word' id='word_1_92' title='bbox 807 809 1009 860; x_wconf 91' lang='lat' dir='ltr'>populum</span> <span class='ocrx_word' id='word_1_93' title='bbox 1024 814 1229 858; x_wconf 77' lang='lat' dir='ltr'>nostrum,</span> <span class='ocrx_word' id='word_1_94' title='bbox 1248 809 1317 848; x_wconf 91' lang='lat' dir='ltr'>sed</span> <span class='ocrx_word' id='word_1_95' title='bbox 1332 823 1405 848; x_wconf 89' lang='lat' dir='ltr'>rex</span> <span class='ocrx_word' id='word_1_96' title='bbox 1419 809 1599 849; x_wconf 74' lang='lat' dir='ltr'>vester.“</span> 
     </span>
     <span class='ocr_line' id='line_1_20' title="bbox 199 872 1600 925; baseline 0.002 -15"><span class='ocrx_word' id='word_1_97' title='bbox 199 872 311 911; x_wconf 89' lang='lat' dir='ltr'>Haec</span> <span class='ocrx_word' id='word_1_98' title='bbox 344 872 507 912; x_wconf 76' lang='lat' dir='ltr'>dicente</span> <span class='ocrx_word' id='word_1_99' title='bbox 542 878 678 912; x_wconf 86' lang='lat' dir='ltr'>castra</span> <span class='ocrx_word' id='word_1_100' title='bbox 710 878 895 912; x_wconf 89' lang='lat' dir='ltr'>metatus</span> <span class='ocrx_word' id='word_1_101' title='bbox 928 879 991 912; x_wconf 91' lang='lat' dir='ltr'>est</span> <span class='ocrx_word' id='word_1_102' title='bbox 1023 879 1065 913; x_wconf 92' lang='lat' dir='ltr'>et</span> <span class='ocrx_word' id='word_1_103' title='bbox 1098 874 1195 913; x_wconf 88' lang='lat' dir='ltr'>fecit</span> <span class='ocrx_word' id='word_1_104' title='bbox 1229 874 1398 925; x_wconf 87' lang='lat' dir='ltr'>sepelire</span> <span class='ocrx_word' id='word_1_105' title='bbox 1433 874 1600 913; x_wconf 88' lang='lat' dir='ltr'>Porum.</span> 
     </span>
    </p>
   </div>
   <div class='ocr_carea' id='block_1_10' title="bbox 195 949 1603 1130">
    <p class='ocr_par' dir='ltr' id='par_1_10' title="bbox 195 949 1603 1130">
     <span class='ocr_line' id='line_1_21' title="bbox 302 949 1603 1002; baseline 0.002 -15"><span class='ocrx_word' id='word_1_106' title='bbox 302 949 356 987; x_wconf 90' lang='lat' dir='ltr'>Et</span> <span class='ocrx_word' id='word_1_107' title='bbox 394 949 489 987; x_wconf 87' lang='lat' dir='ltr'>inde.</span> <span class='ocrx_word' id='word_1_108' title='bbox 528 955 778 1000; x_wconf 82' lang='lat' dir='ltr'>congregato</span> <span class='ocrx_word' id='word_1_109' title='bbox 816 963 968 1001; x_wconf 81' lang='lat' dir='ltr'>magno</span> <span class='ocrx_word' id='word_1_110' title='bbox 1007 956 1215 1002; x_wconf 87' lang='lat' dir='ltr'>apparatu</span> <span class='ocrx_word' id='word_1_111' title='bbox 1254 951 1460 990; x_wconf 87' lang='lat' dir='ltr'>exercitus</span> <span class='ocrx_word' id='word_1_112' title='bbox 1499 950 1603 990; x_wconf 86' lang='lat' dir='ltr'>abiit</span> 
     </span>
     <span class='ocr_line' id='line_1_22' title="bbox 195 1013 1602 1067; baseline 0.001 -15"><span class='ocrx_word' id='word_1_113' title='bbox 195 1013 424 1052; x_wconf 88' lang='lat' dir='ltr'>Oxidracis.</span> <span class='ocrx_word' id='word_1_114' title='bbox 470 1014 697 1053; x_wconf 86' lang='lat' dir='ltr'>Oxidraces</span> <span class='ocrx_word' id='word_1_115' title='bbox 720 1028 818 1053; x_wconf 88' lang='lat' dir='ltr'>vero</span> <span class='ocrx_word' id='word_1_116' title='bbox 841 1028 924 1053; x_wconf 93' lang='lat' dir='ltr'>non</span> <span class='ocrx_word' id='word_1_117' title='bbox 948 1020 1046 1054; x_wconf 88' lang='lat' dir='ltr'>sunt</span> <span class='ocrx_word' id='word_1_118' title='bbox 1069 1016 1235 1067; x_wconf 87' lang='lat' dir='ltr'>superbi</span> <span class='ocrx_word' id='word_1_119' title='bbox 1258 1015 1446 1055; x_wconf 92' lang='lat' dir='ltr'>homines</span> <span class='ocrx_word' id='word_1_120' title='bbox 1468 1029 1602 1067; x_wconf 87' lang='lat' dir='ltr'>neque</span> 
     </span>
     <span class='ocr_line' id='line_1_23' title="bbox 197 1079 1602 1130; baseline 0.001 -13"><span class='ocrx_word' id='word_1_121' title='bbox 197 1083 386 1129; x_wconf 82' lang='lat' dir='ltr'>pugnant</span> <span class='ocrx_word' id='word_1_122' title='bbox 423 1092 517 1118; x_wconf 89' lang='lat' dir='ltr'>cum</span> <span class='ocrx_word' id='word_1_123' title='bbox 554 1079 707 1130; x_wconf 86' lang='lat' dir='ltr'>aliquo.</span> <span class='ocrx_word' id='word_1_124' title='bbox 780 1080 890 1119; x_wconf 88' lang='lat' dir='ltr'>Nudi</span> <span class='ocrx_word' id='word_1_125' title='bbox 926 1080 1036 1119; x_wconf 91' lang='lat' dir='ltr'>enim</span> <span class='ocrx_word' id='word_1_126' title='bbox 1073 1081 1293 1119; x_wconf 89' lang='lat' dir='ltr'>ambulant</span> <span class='ocrx_word' id='word_1_127' title='bbox 1329 1086 1371 1119; x_wconf 86' lang='lat' dir='ltr'>et</span> <span class='ocrx_word' id='word_1_128' title='bbox 1407 1080 1602 1119; x_wconf 86' lang='lat' dir='ltr'>dicuntur</span> 
     </span>
    </p>
   </div>
   <div class='ocr_carea' id='block_1_11' title="bbox 198 1144 1603 1260">
    <p class='ocr_par' dir='ltr' id='par_1_11' title="bbox 198 1144 1603 1260">
     <span class='ocr_line' id='line_1_24' title="bbox 198 1144 1603 1195; baseline 0.001 -13"><span class='ocrx_word' id='word_1_129' title='bbox 198 1144 540 1194; x_wconf 79' lang='lat' dir='ltr'>gymnosofistae.</span> <span class='ocrx_word' id='word_1_130' title='bbox 583 1145 629 1183; x_wconf 90' lang='lat' dir='ltr'>In</span> <span class='ocrx_word' id='word_1_131' title='bbox 659 1145 887 1195; x_wconf 80' lang='lat' dir='ltr'>tuguriis**</span> <span class='ocrx_word' id='word_1_132' title='bbox 916 1145 1114 1184; x_wconf 89' lang='lat' dir='ltr'>habitant</span> <span class='ocrx_word' id='word_1_133' title='bbox 1142 1158 1225 1184; x_wconf 91' lang='lat' dir='ltr'>non</span> <span class='ocrx_word' id='word_1_134' title='bbox 1263 1145 1466 1185; x_wconf 84' lang='lat' dir='ltr'>habentes</span> <span class='ocrx_word' id='word_1_135' title='bbox 1504 1145 1603 1184; x_wconf 91' lang='lat' dir='ltr'>civi-</span> 
     </span>
     <span class='ocr_line' id='line_1_25' title="bbox 199 1209 825 1260; baseline 0.002 -13"><span class='ocrx_word' id='word_1_136' title='bbox 199 1213 329 1247; x_wconf 82' lang='lat' dir='ltr'>tatem</span> <span class='ocrx_word' id='word_1_137' title='bbox 360 1222 494 1260; x_wconf 89' lang='lat' dir='ltr'>neque</span> <span class='ocrx_word' id='word_1_138' title='bbox 526 1209 825 1249; x_wconf 83' lang='lat' dir='ltr'>habitaciones.</span> 
     </span>
    </p>
   </div>
   <div class='ocr_carea' id='block_1_12' title="bbox 196 1286 1606 2246">
    <p class='ocr_par' dir='ltr' id='par_1_12' title="bbox 196 1286 1606 2170">
     <span class='ocr_line' id='line_1_26' title="bbox 301 1286 1604 1337; baseline 0 -13"><span class='ocrx_word' id='word_1_139' title='bbox 301 1287 338 1324; x_wconf 80' lang='lat'>5.</span> <span class='ocrx_word' id='word_1_140' title='bbox 374 1286 478 1325; x_wconf 90' lang='lat' dir='ltr'>Cum</span> <span class='ocrx_word' id='word_1_141' title='bbox 514 1291 656 1325; x_wconf 78' lang='lat' dir='ltr'>autem</span> <span class='ocrx_word' id='word_1_142' title='bbox 691 1287 877 1325; x_wconf 83' lang='lat' dir='ltr'>audisset</span> <span class='ocrx_word' id='word_1_143' title='bbox 920 1300 992 1325; x_wconf 86' lang='lat' dir='ltr'>rex</span> <span class='ocrx_word' id='word_1_144' title='bbox 1036 1287 1171 1337; x_wconf 85' lang='lat' dir='ltr'>gentis</span> <span class='ocrx_word' id='word_1_145' title='bbox 1215 1286 1337 1326; x_wconf 89' lang='lat' dir='ltr'>huius</span> <span class='ocrx_word' id='word_1_146' title='bbox 1371 1287 1604 1326; x_wconf 84' lang='lat' dir='ltr'>adventum</span> 
     </span>
     <span class='ocr_line' id='line_1_27' title="bbox 196 1350 1604 1403; baseline 0.001 -14"><span class='ocrx_word' id='word_1_147' title='bbox 196 1350 436 1400; x_wconf 80' lang='lat' dir='ltr'>Alexandri,</span> <span class='ocrx_word' id='word_1_148' title='bbox 454 1351 568 1390; x_wconf 82' lang='lat' dir='ltr'>misit</span> <span class='ocrx_word' id='word_1_149' title='bbox 583 1352 635 1390; x_wconf 92' lang='lat' dir='ltr'>ad</span> <span class='ocrx_word' id='word_1_150' title='bbox 652 1364 746 1390; x_wconf 89' lang='lat' dir='ltr'>eum</span> <span class='ocrx_word' id='word_1_151' title='bbox 763 1350 990 1390; x_wconf 84' lang='lat' dir='ltr'>honoratos</span> <span class='ocrx_word' id='word_1_152' title='bbox 1006 1365 1101 1390; x_wconf 91' lang='lat' dir='ltr'>suos</span> <span class='ocrx_word' id='word_1_153' title='bbox 1117 1365 1211 1391; x_wconf 91' lang='lat' dir='ltr'>cum</span> <span class='ocrx_word' id='word_1_154' title='bbox 1227 1352 1412 1403; x_wconf 78' lang='lat' dir='ltr'>epistolis</span> <span class='ocrx_word' id='word_1_155' title='bbox 1429 1351 1604 1390; x_wconf 91' lang='lat' dir='ltr'>dicendo</span> 
     </span>
     <span class='ocr_line' id='line_1_28' title="bbox 196 1415 1604 1467; baseline 0.001 -14"><span class='ocrx_word' id='word_1_156' title='bbox 196 1415 269 1454; x_wconf 84' lang='lat' dir='ltr'>sic:</span> <span class='ocrx_word' id='word_1_157' title='bbox 317 1416 645 1467; x_wconf 80' lang='lat' dir='ltr'>„Corruptibiles</span> <span class='ocrx_word' id='word_1_158' title='bbox 668 1417 997 1467; x_wconf 83' lang='lat' dir='ltr'>gymnosofistae</span> <span class='ocrx_word' id='word_1_159' title='bbox 1021 1417 1259 1456; x_wconf 88' lang='lat' dir='ltr'>Alexandro</span> <span class='ocrx_word' id='word_1_160' title='bbox 1282 1416 1441 1455; x_wconf 88' lang='lat' dir='ltr'>homini</span> <span class='ocrx_word' id='word_1_161' title='bbox 1465 1415 1604 1455; x_wconf 90' lang='lat' dir='ltr'>scribi-</span> 
     </span>
     <span class='ocr_line' id='line_1_29' title="bbox 196 1481 1604 1533; baseline 0.001 -15"><span class='ocrx_word' id='word_1_162' title='bbox 196 1493 300 1519; x_wconf 89' lang='lat' dir='ltr'>mus.</span> <span class='ocrx_word' id='word_1_163' title='bbox 346 1481 610 1529; x_wconf 73' lang='lat' dir='ltr'>Audivimus,</span> <span class='ocrx_word' id='word_1_164' title='bbox 647 1482 758 1532; x_wconf 89' lang='lat' dir='ltr'>quod</span> <span class='ocrx_word' id='word_1_165' title='bbox 793 1482 936 1521; x_wconf 89' lang='lat' dir='ltr'>venias</span> <span class='ocrx_word' id='word_1_166' title='bbox 961 1495 1082 1533; x_wconf 87' lang='lat' dir='ltr'>super</span> <span class='ocrx_word' id='word_1_167' title='bbox 1106 1494 1193 1520; x_wconf 92' lang='lat' dir='ltr'>nos.</span> <span class='ocrx_word' id='word_1_168' title='bbox 1245 1482 1366 1532; x_wconf 85' lang='lat' dir='ltr'>Quod</span> <span class='ocrx_word' id='word_1_169' title='bbox 1391 1482 1424 1520; x_wconf 92' lang='lat' dir='ltr'>si</span> <span class='ocrx_word' id='word_1_170' title='bbox 1446 1493 1604 1532; x_wconf 87' lang='lat' dir='ltr'>pugna-</span> 
     </span>
     <span class='ocr_line' id='line_1_30' title="bbox 199 1546 1606 1598; baseline 0.001 -15"><span class='ocrx_word' id='word_1_171' title='bbox 199 1550 315 1584; x_wconf 89' lang='lat' dir='ltr'>turus</span> <span class='ocrx_word' id='word_1_172' title='bbox 349 1546 523 1594; x_wconf 76' lang='lat' dir='ltr'>veneris,</span> <span class='ocrx_word' id='word_1_173' title='bbox 559 1546 661 1585; x_wconf 93' lang='lat' dir='ltr'>nihil</span> <span class='ocrx_word' id='word_1_174' title='bbox 696 1546 797 1585; x_wconf 90' lang='lat' dir='ltr'>lucri</span> <span class='ocrx_word' id='word_1_175' title='bbox 831 1547 1023 1598; x_wconf 86' lang='lat' dir='ltr'>acquiris,</span> <span class='ocrx_word' id='word_1_176' title='bbox 1060 1547 1170 1598; x_wconf 85' lang='lat' dir='ltr'>quia,</span> <span class='ocrx_word' id='word_1_177' title='bbox 1206 1547 1317 1598; x_wconf 87' lang='lat' dir='ltr'>quod</span> <span class='ocrx_word' id='word_1_178' title='bbox 1352 1546 1496 1585; x_wconf 86' lang='lat' dir='ltr'>tollere</span> <span class='ocrx_word' id='word_1_179' title='bbox 1530 1550 1606 1584; x_wconf 86' lang='lat' dir='ltr'>aut</span> 
     </span>
     <span class='ocr_line' id='line_1_31' title="bbox 198 1610 1603 1662; baseline 0.001 -14"><span class='ocrx_word' id='word_1_180' title='bbox 198 1610 308 1660; x_wconf 87' lang='lat' dir='ltr'>quod</span> <span class='ocrx_word' id='word_1_181' title='bbox 337 1611 498 1650; x_wconf 87' lang='lat' dir='ltr'>auferre</span> <span class='ocrx_word' id='word_1_182' title='bbox 526 1624 549 1649; x_wconf 92' lang='lat' dir='ltr'>a</span> <span class='ocrx_word' id='word_1_183' title='bbox 575 1611 709 1660; x_wconf 80' lang='lat' dir='ltr'>nobis,</span> <span class='ocrx_word' id='word_1_184' title='bbox 737 1612 795 1650; x_wconf 90' lang='lat' dir='ltr'>nil</span> <span class='ocrx_word' id='word_1_185' title='bbox 822 1612 1007 1651; x_wconf 87' lang='lat' dir='ltr'>invenies</span> <span class='ocrx_word' id='word_1_186' title='bbox 1035 1617 1076 1651; x_wconf 87' lang='lat' dir='ltr'>et</span> <span class='ocrx_word' id='word_1_187' title='bbox 1104 1612 1218 1659; x_wconf 83' lang='lat' dir='ltr'>illud,</span> <span class='ocrx_word' id='word_1_188' title='bbox 1248 1611 1358 1662; x_wconf 89' lang='lat' dir='ltr'>quod</span> <span class='ocrx_word' id='word_1_189' title='bbox 1387 1610 1603 1658; x_wconf 76' lang='lat' dir='ltr'>habemus,</span> 
     </span>
     <span class='ocr_line' id='line_1_32' title="bbox 199 1675 1604 1728; baseline 0.001 -15"><span class='ocrx_word' id='word_1_190' title='bbox 199 1675 438 1714; x_wconf 79' lang='lat' dir='ltr'>nullomodo</span> <span class='ocrx_word' id='word_1_191' title='bbox 482 1676 611 1715; x_wconf 85' lang='lat' dir='ltr'>audet</span> <span class='ocrx_word' id='word_1_192' title='bbox 656 1677 747 1728; x_wconf 90' lang='lat' dir='ltr'>quis</span> <span class='ocrx_word' id='word_1_193' title='bbox 779 1677 873 1715; x_wconf 89' lang='lat' dir='ltr'>inde</span> <span class='ocrx_word' id='word_1_194' title='bbox 906 1677 1062 1728; x_wconf 84' lang='lat' dir='ltr'>aliquid</span> <span class='ocrx_word' id='word_1_195' title='bbox 1096 1676 1251 1725; x_wconf 83' lang='lat' dir='ltr'>tollere,</span> <span class='ocrx_word' id='word_1_196' title='bbox 1285 1676 1364 1714; x_wconf 89' lang='lat' dir='ltr'>nisi</span> <span class='ocrx_word' id='word_1_197' title='bbox 1396 1680 1604 1727; x_wconf 90' lang='lat' dir='ltr'>quantum</span> 
     </span>
     <span class='ocr_line' id='line_1_33' title="bbox 198 1740 1603 1792; baseline 0.001 -15"><span class='ocrx_word' id='word_1_198' title='bbox 198 1740 339 1779; x_wconf 87' lang='lat' dir='ltr'>divina</span> <span class='ocrx_word' id='word_1_199' title='bbox 374 1741 640 1792; x_wconf 89' lang='lat' dir='ltr'>providentia</span> <span class='ocrx_word' id='word_1_200' title='bbox 676 1741 711 1780; x_wconf 89' lang='lat' dir='ltr'>ei</span> <span class='ocrx_word' id='word_1_201' title='bbox 747 1742 1007 1781; x_wconf 78' lang='lat' dir='ltr'>concesserit.</span> <span class='ocrx_word' id='word_1_202' title='bbox 1083 1741 1203 1792; x_wconf 87' lang='lat' dir='ltr'>Quod</span> <span class='ocrx_word' id='word_1_203' title='bbox 1240 1741 1272 1780; x_wconf 88' lang='lat' dir='ltr'>si</span> <span class='ocrx_word' id='word_1_204' title='bbox 1307 1753 1492 1792; x_wconf 88' lang='lat' dir='ltr'>pugnare</span> <span class='ocrx_word' id='word_1_205' title='bbox 1528 1741 1603 1788; x_wconf 73' lang='lat' dir='ltr'>vis,</span> 
     </span>
     <span class='ocr_line' id='line_1_34' title="bbox 200 1805 1602 1858; baseline -0.001 -14"><span class='ocrx_word' id='word_1_206' title='bbox 200 1818 350 1856; x_wconf 78' lang='lat' dir='ltr'>pugna,</span> <span class='ocrx_word' id='word_1_207' title='bbox 386 1806 484 1857; x_wconf 87' lang='lat' dir='ltr'>quia</span> <span class='ocrx_word' id='word_1_208' title='bbox 516 1818 591 1845; x_wconf 91' lang='lat' dir='ltr'>nos</span> <span class='ocrx_word' id='word_1_209' title='bbox 624 1806 936 1858; x_wconf 89' lang='lat' dir='ltr'>simplicitatem</span> <span class='ocrx_word' id='word_1_210' title='bbox 970 1811 1157 1845; x_wconf 90' lang='lat' dir='ltr'>nostram</span> <span class='ocrx_word' id='word_1_211' title='bbox 1190 1818 1272 1844; x_wconf 91' lang='lat' dir='ltr'>non</span> <span class='ocrx_word' id='word_1_212' title='bbox 1307 1805 1602 1844; x_wconf 85' lang='lat' dir='ltr'>dimittimus.“</span> 
     </span>
     <span class='ocr_line' id='line_1_35' title="bbox 202 1870 1605 1920; baseline 0 -12"><span class='ocrx_word' id='word_1_213' title='bbox 202 1870 361 1920; x_wconf 83' lang='lat' dir='ltr'>Relegit</span> <span class='ocrx_word' id='word_1_214' title='bbox 387 1870 465 1909; x_wconf 90' lang='lat' dir='ltr'>hoc</span> <span class='ocrx_word' id='word_1_215' title='bbox 490 1871 727 1910; x_wconf 84' lang='lat' dir='ltr'>Alexander</span> <span class='ocrx_word' id='word_1_216' title='bbox 754 1876 796 1910; x_wconf 87' lang='lat' dir='ltr'>et</span> <span class='ocrx_word' id='word_1_217' title='bbox 821 1872 1043 1910; x_wconf 87' lang='lat' dir='ltr'>mandavit</span> <span class='ocrx_word' id='word_1_218' title='bbox 1069 1871 1146 1910; x_wconf 92' lang='lat' dir='ltr'>illis</span> <span class='ocrx_word' id='word_1_219' title='bbox 1173 1871 1366 1909; x_wconf 91' lang='lat' dir='ltr'>dicendo:</span> <span class='ocrx_word' id='word_1_220' title='bbox 1420 1871 1505 1919; x_wconf 78' lang='lat' dir='ltr'>„Et</span> <span class='ocrx_word' id='word_1_221' title='bbox 1530 1882 1605 1909; x_wconf 92' lang='lat' dir='ltr'>nos</span> 
     </span>
     <span class='ocr_line' id='line_1_36' title="bbox 199 1935 1605 1986; baseline 0 -13"><span class='ocrx_word' id='word_1_222' title='bbox 199 1936 360 1986; x_wconf 73' lang='lat' dir='ltr'>pacifici</span> <span class='ocrx_word' id='word_1_223' title='bbox 395 1936 611 1975; x_wconf 88' lang='lat' dir='ltr'>veniemus</span> <span class='ocrx_word' id='word_1_224' title='bbox 646 1936 697 1976; x_wconf 88' lang='lat' dir='ltr'>ad</span> <span class='ocrx_word' id='word_1_225' title='bbox 734 1937 850 1975; x_wconf 86' lang='lat' dir='ltr'>vos.“</span> <span class='ocrx_word' id='word_1_226' title='bbox 922 1936 1077 1976; x_wconf 82' lang='lat' dir='ltr'>Statim</span> <span class='ocrx_word' id='word_1_227' title='bbox 1111 1936 1317 1986; x_wconf 85' lang='lat' dir='ltr'>ingressus</span> <span class='ocrx_word' id='word_1_228' title='bbox 1352 1940 1415 1974; x_wconf 87' lang='lat' dir='ltr'>est</span> <span class='ocrx_word' id='word_1_229' title='bbox 1450 1935 1502 1974; x_wconf 85' lang='lat' dir='ltr'>ad</span> <span class='ocrx_word' id='word_1_230' title='bbox 1537 1947 1605 1974; x_wconf 89' lang='lat' dir='ltr'>eos</span> 
     </span>
     <span class='ocr_line' id='line_1_37' title="bbox 198 1999 1606 2040; baseline 0 -2"><span class='ocrx_word' id='word_1_231' title='bbox 198 2001 365 2039; x_wconf 89' lang='lat' dir='ltr'>intuens</span> <span class='ocrx_word' id='word_1_232' title='bbox 394 2001 483 2039; x_wconf 90' lang='lat' dir='ltr'>illos</span> <span class='ocrx_word' id='word_1_233' title='bbox 513 2014 656 2040; x_wconf 91' lang='lat' dir='ltr'>omnes</span> <span class='ocrx_word' id='word_1_234' title='bbox 685 2001 899 2040; x_wconf 88' lang='lat' dir='ltr'>ambulare</span> <span class='ocrx_word' id='word_1_235' title='bbox 928 2001 1062 2040; x_wconf 91' lang='lat' dir='ltr'>nudos</span> <span class='ocrx_word' id='word_1_236' title='bbox 1091 2005 1133 2039; x_wconf 90' lang='lat' dir='ltr'>et</span> <span class='ocrx_word' id='word_1_237' title='bbox 1161 2000 1352 2039; x_wconf 85' lang='lat' dir='ltr'>habitare</span> <span class='ocrx_word' id='word_1_238' title='bbox 1380 2000 1422 2038; x_wconf 91' lang='lat' dir='ltr'>in</span> <span class='ocrx_word' id='word_1_239' title='bbox 1451 1999 1606 2039; x_wconf 88' lang='lat' dir='ltr'>abditis</span> 
     </span>
     <span class='ocr_line' id='line_1_38' title="bbox 200 2064 1606 2117; baseline -0.001 -13"><span class='ocrx_word' id='word_1_240' title='bbox 200 2066 374 2115; x_wconf 84' lang='lat' dir='ltr'>tuguriis</span> <span class='ocrx_word' id='word_1_241' title='bbox 397 2070 439 2104; x_wconf 87' lang='lat' dir='ltr'>et</span> <span class='ocrx_word' id='word_1_242' title='bbox 461 2066 502 2104; x_wconf 90' lang='lat' dir='ltr'>in</span> <span class='ocrx_word' id='word_1_243' title='bbox 526 2066 743 2117; x_wconf 81' lang='lat' dir='ltr'>speluncis.</span> <span class='ocrx_word' id='word_1_244' title='bbox 790 2067 879 2105; x_wconf 87' lang='lat' dir='ltr'>Filii</span> <span class='ocrx_word' id='word_1_245' title='bbox 904 2079 1000 2105; x_wconf 80' lang='lat' dir='ltr'>vero</span> <span class='ocrx_word' id='word_1_246' title='bbox 1023 2072 1065 2106; x_wconf 84' lang='lat' dir='ltr'>et</span> <span class='ocrx_word' id='word_1_247' title='bbox 1087 2078 1236 2104; x_wconf 83' lang='lat' dir='ltr'>uxores</span> <span class='ocrx_word' id='word_1_248' title='bbox 1258 2077 1401 2104; x_wconf 88' lang='lat' dir='ltr'>eorum</span> <span class='ocrx_word' id='word_1_249' title='bbox 1424 2064 1606 2116; x_wconf 86' lang='lat' dir='ltr'>separati</span> 
     </span>
     <span class='ocr_line' id='line_1_39' title="bbox 200 2130 904 2170; baseline 0.003 -2"><span class='ocrx_word' id='word_1_250' title='bbox 200 2135 319 2169; x_wconf 87' lang='lat' dir='ltr'>erant</span> <span class='ocrx_word' id='word_1_251' title='bbox 343 2130 395 2169; x_wconf 91' lang='lat' dir='ltr'>ab</span> <span class='ocrx_word' id='word_1_252' title='bbox 420 2131 497 2169; x_wconf 91' lang='lat' dir='ltr'>illis</span> <span class='ocrx_word' id='word_1_253' title='bbox 522 2144 615 2169; x_wconf 86' lang='lat' dir='ltr'>cum</span> <span class='ocrx_word' id='word_1_254' title='bbox 641 2131 904 2170; x_wconf 88' lang='lat' dir='ltr'>animalibus.</span> 
     </span>
    </p>

    <p class='ocr_par' dir='ltr' id='par_1_13' title="bbox 308 2194 1605 2246">
     <span class='ocr_line' id='line_1_40' title="bbox 308 2194 1605 2246; baseline -0.002 -12"><span class='ocrx_word' id='word_1_255' title='bbox 308 2195 345 2234; x_wconf 81' lang='lat'>6.</span> <span class='ocrx_word' id='word_1_256' title='bbox 378 2196 614 2235; x_wconf 84' lang='lat' dir='ltr'>Alexander</span> <span class='ocrx_word' id='word_1_257' title='bbox 646 2209 743 2235; x_wconf 80' lang='lat' dir='ltr'>vero</span> <span class='ocrx_word' id='word_1_258' title='bbox 776 2196 1049 2246; x_wconf 84' lang='lat' dir='ltr'>interrogavit</span> <span class='ocrx_word' id='word_1_259' title='bbox 1080 2208 1209 2234; x_wconf 88' lang='lat' dir='ltr'>unum</span> <span class='ocrx_word' id='word_1_260' title='bbox 1243 2208 1291 2233; x_wconf 83' lang='lat' dir='ltr'>ex</span> <span class='ocrx_word' id='word_1_261' title='bbox 1324 2195 1419 2233; x_wconf 88' lang='lat' dir='ltr'>illis:</span> <span class='ocrx_word' id='word_1_262' title='bbox 1483 2194 1605 2242; x_wconf 80' lang='lat' dir='ltr'>„Non</span> 
     </span>
    </p>
   </div>
   <div class='ocr_carea' id='block_1_13' title="bbox 198 2336 1605 2630">
    <p class='ocr_par' dir='ltr' id='par_1_14' title="bbox 198 2336 1604 2476">
     <span class='ocr_line' id='line_1_41' title="bbox 293 2336 1604 2381; baseline -0.002 -9"><span class='ocrx_word' id='word_1_263' title='bbox 293 2340 336 2372; x_wconf 88' lang='grc'>15</span> <span class='ocrx_word' id='word_1_264' title='bbox 363 2339 525 2381; x_wconf 82' lang='lat' dir='ltr'>tuguriis</span> <span class='ocrx_word' id='word_1_265' title='bbox 548 2337 716 2372; x_wconf 85' lang='lat' dir='ltr'>schreibt</span> <span class='ocrx_word' id='word_1_266' title='bbox 753 2338 808 2372; x_wconf 84' lang='lat' dir='ltr'>Ba</span> <span class='ocrx_word' id='word_1_267' title='bbox 843 2338 937 2372; x_wconf 79' lang='lat' dir='ltr'>uber</span> <span class='ocrx_word' id='word_1_268' title='bbox 973 2336 1301 2381; x_wconf 76' lang='lat' dir='ltr'>ausgestrichenes</span> <span class='ocrx_word' id='word_1_269' title='bbox 1333 2336 1463 2379; x_wconf 82' lang='lat' dir='ltr'>tigriis.</span> <span class='ocrx_word' id='word_1_270' title='bbox 1500 2356 1535 2359; x_wconf 88' lang='lat'>—</span> <span class='ocrx_word' id='word_1_271' title='bbox 1567 2336 1604 2369; x_wconf 92' lang='lat' dir='ltr'>in</span> 
     </span>
     <span class='ocr_line' id='line_1_42' title="bbox 198 2382 1604 2429; baseline -0.002 -10"><span class='ocrx_word' id='word_1_272' title='bbox 198 2386 360 2428; x_wconf 82' lang='lat' dir='ltr'>tuguriis</span> <span class='ocrx_word' id='word_1_273' title='bbox 396 2387 433 2419; x_wconf 83' lang='lat' dir='ltr'>et</span> <span class='ocrx_word' id='word_1_274' title='bbox 477 2385 515 2419; x_wconf 94' lang='lat' dir='ltr'>in</span> <span class='ocrx_word' id='word_1_275' title='bbox 549 2385 740 2429; x_wconf 87' lang='lat' dir='ltr'>speluncis</span> <span class='ocrx_word' id='word_1_276' title='bbox 764 2385 803 2419; x_wconf 84' lang='lat' dir='ltr'>J1</span> <span class='ocrx_word' id='word_1_277' title='bbox 829 2402 871 2412; x_wconf 68' lang='lat' dir='ltr'><strong><em>z</em></strong></span> <span class='ocrx_word' id='word_1_278' title='bbox 894 2385 959 2420; x_wconf 85' lang='lat' dir='ltr'>Ps:</span> <span class='ocrx_word' id='word_1_279' title='bbox 1006 2384 1083 2418; x_wconf 81' lang='grc' dir='ltr'>ὑπὸ</span> <span class='ocrx_word' id='word_1_280' title='bbox 1119 2384 1287 2427; x_wconf 74' lang='grc' dir='ltr'><em>καλύβας</em></span> <span class='ocrx_word' id='word_1_281' title='bbox 1322 2383 1385 2417; x_wconf 79' lang='grc' dir='ltr'>καὶ</span> <span class='ocrx_word' id='word_1_282' title='bbox 1423 2382 1604 2426; x_wconf 73' lang='grc' dir='ltr'><em>σπήλαιας</em></span> 
     </span>
     <span class='ocr_line' id='line_1_43' title="bbox 200 2431 1408 2476; baseline -0.002 -10"><span class='ocrx_word' id='word_1_283' title='bbox 200 2432 297 2466; x_wconf 84' lang='lat' dir='ltr'>doch</span> <span class='ocrx_word' id='word_1_284' title='bbox 339 2432 532 2467; x_wconf 84' lang='lat' dir='ltr'>vielleicht</span> <span class='ocrx_word' id='word_1_285' title='bbox 561 2443 630 2467; x_wconf 89' lang='lat' dir='ltr'>aus</span> <span class='ocrx_word' id='word_1_286' title='bbox 670 2432 744 2466; x_wconf 86' lang='lat' dir='ltr'>Leo</span> <span class='ocrx_word' id='word_1_287' title='bbox 776 2432 834 2466; x_wconf 87' lang='lat' dir='ltr'>III</span> <span class='ocrx_word' id='word_1_288' title='bbox 866 2434 885 2466; x_wconf 90' lang='lat'>5</span> <span class='ocrx_word' id='word_1_289' title='bbox 916 2443 952 2476; x_wconf 90' lang='lat' dir='ltr'>p.</span> <span class='ocrx_word' id='word_1_290' title='bbox 987 2433 1065 2473; x_wconf 88' lang='lat'>106,</span> <span class='ocrx_word' id='word_1_291' title='bbox 1088 2434 1132 2465; x_wconf 82' lang='lat'>29</span> <span class='ocrx_word' id='word_1_292' title='bbox 1163 2431 1408 2465; x_wconf 83' lang='lat' dir='ltr'>erschlossen.</span> 
     </span>
    </p>

    <p class='ocr_par' dir='ltr' id='par_1_15' title="bbox 199 2488 1605 2630">
     <span class='ocr_line' id='line_1_44' title="bbox 298 2488 1605 2533; baseline -0.003 -7"><span class='ocrx_word' id='word_1_293' title='bbox 298 2492 332 2526; x_wconf 89' lang='lat'>5.</span> <span class='ocrx_word' id='word_1_294' title='bbox 353 2492 410 2533; x_wconf 88' lang='lat' dir='ltr'>[Zi</span> <span class='ocrx_word' id='word_1_295' title='bbox 429 2494 512 2533; x_wconf 72' lang='lat'>214,</span> <span class='ocrx_word' id='word_1_296' title='bbox 529 2493 712 2532; x_wconf 72' lang='lat'><strong>24-215,</strong></span> <span class='ocrx_word' id='word_1_297' title='bbox 728 2493 790 2533; x_wconf 82' lang='lat'>11]</span> <span class='ocrx_word' id='word_1_298' title='bbox 814 2493 859 2524; x_wconf 86' lang='lat'>20</span> <span class='ocrx_word' id='word_1_299' title='bbox 881 2490 1013 2525; x_wconf 90' lang='lat' dir='ltr'>venias</span> <span class='ocrx_word' id='word_1_300' title='bbox 1034 2490 1146 2531; x_wconf 86' lang='lat' dir='ltr'>MLa;</span> <span class='ocrx_word' id='word_1_301' title='bbox 1171 2489 1302 2524; x_wconf 83' lang='lat' dir='ltr'>veniat</span> <span class='ocrx_word' id='word_1_302' title='bbox 1321 2489 1388 2523; x_wconf 93' lang='lat' dir='ltr'>Ba.</span> <span class='ocrx_word' id='word_1_303' title='bbox 1414 2509 1450 2512; x_wconf 92' lang='lat'>—</span> <span class='ocrx_word' id='word_1_304' title='bbox 1469 2489 1515 2522; x_wconf 81' lang='lat'>26</span> <span class='ocrx_word' id='word_1_305' title='bbox 1531 2488 1605 2522; x_wconf 88' lang='lat' dir='ltr'>Re-</span> 
     </span>
     <span class='ocr_line' id='line_1_45' title="bbox 200 2536 1604 2582; baseline -0.002 -10"><span class='ocrx_word' id='word_1_306' title='bbox 200 2538 307 2582; x_wconf 85' lang='lat' dir='ltr'>legit:</span> <span class='ocrx_word' id='word_1_307' title='bbox 335 2539 421 2572; x_wconf 81' lang='lat' dir='ltr'>Von</span> <span class='ocrx_word' id='word_1_308' title='bbox 462 2538 543 2572; x_wconf 89' lang='lat' dir='ltr'>hier</span> <span class='ocrx_word' id='word_1_309' title='bbox 584 2538 642 2573; x_wconf 89' lang='lat' dir='ltr'>bis</span> <span class='ocrx_word' id='word_1_310' title='bbox 668 2538 812 2573; x_wconf 83' lang='lat' dir='ltr'>Schluss</span> <span class='ocrx_word' id='word_1_311' title='bbox 845 2538 911 2572; x_wconf 90' lang='lat' dir='ltr'>des</span> <span class='ocrx_word' id='word_1_312' title='bbox 941 2538 1038 2582; x_wconf 90' lang='lat' dir='ltr'>Kap.</span> <span class='ocrx_word' id='word_1_313' title='bbox 1064 2537 1155 2582; x_wconf 85' lang='lat' dir='ltr'>geht</span> <span class='ocrx_word' id='word_1_314' title='bbox 1186 2537 1261 2571; x_wconf 90' lang='lat' dir='ltr'>Leo</span> <span class='ocrx_word' id='word_1_315' title='bbox 1285 2536 1355 2570; x_wconf 88' lang='lat' dir='ltr'>mit</span> <span class='ocrx_word' id='word_1_316' title='bbox 1383 2536 1604 2579; x_wconf 80' lang='lat' dir='ltr'>AVaSyAr,</span> 
     </span>
     <span class='ocr_line' id='line_1_46' title="bbox 199 2585 879 2630; baseline 0.001 -11"><span class='ocrx_word' id='word_1_317' title='bbox 199 2585 379 2620; x_wconf 80' lang='lat' dir='ltr'>wahrend</span> <span class='ocrx_word' id='word_1_318' title='bbox 408 2585 504 2620; x_wconf 87' lang='lat' dir='ltr'>BCL</span> <span class='ocrx_word' id='word_1_319' title='bbox 526 2586 585 2629; x_wconf 85' lang='lat' dir='ltr'>By</span> <span class='ocrx_word' id='word_1_320' title='bbox 615 2586 722 2620; x_wconf 86' lang='lat' dir='ltr'>mehr</span> <span class='ocrx_word' id='word_1_321' title='bbox 747 2585 879 2630; x_wconf 84' lang='lat' dir='ltr'>geben.</span> 
     </span>
    </p>
   </div>
  </div>
 </body>
</html>
