1778 2875
678 159 932 192 —123—

103 270 308 318 finiretur,
349 274 396 308 ut
434 269 525 318 hoc,
567 270 679 321 quod
718 269 991 317 consideravi,
1031 269 1293 320 perficerem3
1334 273 1376 307 et
1416 269 1513 320 quia

103 335 161 373 sic
187 334 325 386 placet
351 334 441 383 tibi,
469 335 604 386 recipe
631 347 696 373 me
723 334 899 374 tercium
926 333 1189 372 mortalem.“

212 400 303 438 3121.
341 399 475 438 Mater
510 412 608 438 vero
644 399 753 438 illius
788 399 932 437 multis
968 398 1129 437 vicibus
1165 398 1387 448 scripserat
1423 398 1516 437 Ale-

105 464 266 503 xandro
290 464 340 503 de
364 464 610 515 Antipatr03
636 468 677 502 et
701 463 1036 514 angustiabatur.
1082 462 1373 502 Consideravit
1395 463 1515 501 Anti—

105 534 225 580 pater
266 529 399 579 facere
441 541 609 568 causam
642 532 683 567 et
715 528 825 575 fecit,
859 527 1037 566 offerens
1069 527 1125 565 illi
1157 526 1315 565 malum
1347 539 1512 565 nomen.
1534 541 1551 567 5

109 594 333 633 Uubitavit
363 606 436 644 pro
465 592 543 632 hac
572 605 696 632 causa
725 593 949 643 Antipater
979 591 1029 630 ad
1060 591 1348 630 Alexandrum
1377 592 1517 629 veniri·

106 659 364 710 mittensque
396 658 448 697 ad
481 658 719 697 maleficum
753 657 849 696 fecit
880 669 975 695 eum
1008 656 1147 695 venire
1180 656 1232 694 ad
1272 669 1326 704 se,
1370 669 1519 706 rogans
1545 670 1599 695 127
1623 669 1645 694 L

108 737 217 772 eum,
251 728 299 762 ut
330 723 449 762 daret
481 723 516 761 ei
548 735 802 761 venenosam
835 722 1062 772 potionem.
1132 721 1251 771 Quod
1285 725 1327 759 et
1360 721 1517 759 factum

109 794 184 828 est.
223 788 367 827 Talem
398 788 453 826 illi
484 788 698 839 potionem
720 787 848 834 dedit,
883 786 953 837 qui
975 798 1057 824 non
1080 791 1169 824 erat
1190 798 1278 833 vas,
1301 785 1411 836 quod
1436 799 1520 823 sus-

109 855 262 892 tineret
304 852 596 891 fortitudinem
637 852 736 890 eius.
819 852 933 889 Fecit
976 850 1220 890 cantrellam
1263 851 1437 889 ferream
1480 856 1520 888 et
1546 860 1581 886 10

111 919 251 970 posuit
281 930 373 956 eam
404 918 517 956 intus
547 922 588 955 et
619 917 735 955 dedit
766 929 858 955 eam
889 916 1136 962 Cassandro,
1172 915 1255 953 silio
1287 928 1374 963 suo,
1407 928 1523 953 man-

111 983 314 1034 davitque
357 995 451 1021 eum
495 983 535 1020 in
579 982 796 1020 servitium
839 981 1065 1020 Alexandri
1110 986 1151 1019 et
1195 986 1239 1018 ut
1284 980 1523 1031 loqueretur

117 1048 232 1086 fratri
276 1060 349 1085 suo
394 1047 480 1085 Iolo
521 1052 562 1086 et
603 1047 827 1094 ordinaret,
881 1046 1092 1097 quomodo
1144 1045 1264 1084 daret
1315 1058 1521 1083 venenum

114 1112 253 1151 bibere
283 1112 535 1150 Alexandro.
591 1112 756 1150 Accidit
785 1116 926 1150 autem
959 1111 1025 1149 illo
1057 1111 1095 1149 in
1129 1115 1327 1160 tempore,
1360 1115 1405 1148 ut
1436 1124 1523 1161 per-

114 1182 274 1216 cuteret
304 1177 539 1215 Alexander
572 1177 705 1215 Iolum
735 1177 775 1214 in
807 1176 941 1227 capud
973 1189 1054 1214 non
1086 1175 1312 1214 habentem
1343 1175 1522 1225 culpam.
1552 1179 1583 1204 ¹5

116 1243 178 1280 Ex
210 1255 291 1293 qua
320 1255 362 1280 re
391 1242 477 1292 ipse
508 1242 668 1280 iuvenis
699 1241 838 1279 dolore
869 1245 1040 1279 coactns
1070 1240 1280 1279 consensit
1310 1240 1526 1291 potionari¹

114 1320 209 1346 eum
242 1307 480 1357 recepitque
514 1307 729 1358 potionem
762 1311 880 1356 grato
914 1306 1066 1353 animo,
1101 1310 1148 1344 ut
1181 1305 1371 1356 potionet
1407 1305 1527 1342 inira-

117 1372 241 1411 bilem
271 1371 571 1417 Alexandrum,
605 1372 673 1423 qui
706 1372 906 1422 diligebat
937 1384 1045 1409 eum.

224 1437 288 1475 33.
351 1436 588 1475 Alexander
621 1442 763 1475 autem
799 1436 1033 1475 consiliavit
1068 1448 1158 1474 curn
1196 1435 1339 1473 amicis
1373 1435 1455 1472 suis
1489 1439 1529 1471 vt

118 1502 282 1553 scripsit
306 1502 527 1552 epistolam
551 1502 767 1540 Aristoteli
794 1501 1079 1540 continentem
1106 1501 1183 1539 ita:
1245 1499 1529 1549 „precipimus
1551 1509 1589 1535 20

120 1566 209 1615 tibi,
238 1566 475 1615 Aristotele,
514 1572 558 1605 ut
596 1580 646 1605 ex
683 1565 878 1605 thesauro
914 1565 1038 1616 regali
1076 1565 1250 1604 mandes
1286 1564 1406 1602 nobis
1442 1564 1530 1602 anri

119 1631 280 1670 talenta
313 1631 437 1679 mille,
471 1637 519 1671 ut
551 1632 704 1670 tollant
737 1631 834 1670 illud
871 1631 1108 1670 sacerdotes
1142 1630 1312 1680 Egypti,
1348 1629 1416 1680 qui
1452 1642 1530 1666 ser-

120 1696 241 1735 viunt
280 1697 321 1734 in
361 1697 531 1748 templo,
572 1697 610 1735 in
653 1710 735 1748 quo
775 1696 1043 1734 conditurum
1083 1701 1146 1734 est
1185 1707 1334 1745 corpus
1373 1707 1526 1732 meum.
1557 1704 1578 1728 e
1605 1702 1699 1728 2171)

215 1817 233 1848 2
265 1815 443 1850 tercium:
475 1825 546 1849 nur
577 1816 647 1859 Sy:
678 1826 705 1848 s.
738 1814 835 1848 Einl.
866 1817 923 1847 10.

220 1863 305 1897 3la.
320 1862 377 1904 [Zi
393 1864 477 1904 258,
494 1864 756 1904 15m259512l
785 1862 858 1895 Leo
876 1861 1037 1895 zei-rcisst
1058 1861 1154 1904 Ix'ap.
1179 1863 1220 1895 31
1246 1860 1282 1893 in
1307 1859 1393 1893 zwei
1413 1858 1532 1898 Teileg

120 1920 148 1943 s.
177 1908 273 1942 Einl.
300 1911 341 1945 27
362 1909 387 1943 s.
418 1910 490 1943 Der
512 1910 667 1953 Anlang
690 1910 739 1943 ist
764 1910 823 1943 bei
849 1910 923 1943 Leo
949 1909 1040 1942 kurz
1066 1908 1143 1942 und
1169 1918 1254 1941 zum
1280 1906 1359 1940 Teil
1385 1906 1532 1939 nnklar.

128 1976 164 1980 ψ
197 1958 215 1975 “)
244 1957 466 2000 scripserat:
518 1957 577 1991 Sie
605 1957 753 1992 schrieb
782 1956 878 1991 nac-li
922 1971 952 1990 ω
980 1956 1074 1989 1111111ἱ
1115 1955 1171 1988 ilir
1204 1954 1417 1989 sclilechtes
1445 1953 1534 1986 Ver-

122 2003 265 2037 h'altnis
305 2015 347 2037 zu
389 2005 608 2048 Antipater,
648 2004 714 2037 der
752 2005 820 2037 wie
859 2004 910 2037 sie
951 2004 987 2036 in
1028 2002 1282 2037 Makedonien
1322 2000 1458 2035 weilte.
1514 2021 1517 2023 -

123 2053 142 2084 4
163 2051 458 2095 angustiebatur
477 2052 550 2093 Ba3
580 2052 616 2085 in
649 2052 715 2085 der
733 2051 894 2093 Vorlagc
918 2061 996 2085 war
1013 2049 1113 2084 wohl
1131 2048 1351 2083 Alexander
1371 2047 1536 2091 Subjekt

122 2098 192 2131 wie
215 2098 252 2131 in
278 2099 347 2142 Sy:
376 2099 478 2140 „und
501 2099 721 2134 Alexander
744 2098 875 2132 vcrsiel
897 2108 1026 2141 wegen
1051 2096 1118 2131 der
1140 2094 1390 2130 Beschwerde
1414 2095 1538 2129 seiner

124 2145 271 2179 Mutter
301 2156 419 2189 gegen
460 2147 668 2190 Antipater
708 2147 744 2180 in
788 2145 931 2189 grossen
969 2143 1193 2178 Knmmer.”
1230 2163 1266 2167 —
1299 2144 1318 2177 5
1353 2141 1535 2176 offerens:

129 2193 196 2226 Die
241 2193 379 2236 griecli.
429 2194 591 2237 Vorlage
639 2193 784 2228 lantete
831 2192 930 2226 wohl
979 2191 1130 2226 'alinlich
1184 2191 1252 2224 wie
1289 2190 1358 2224 Ar:
1397 2189 1536 2233 γράφει

125 2241 354 2285 κατηγορίαν
399 2241 461 2275 καὶ
502 2242 649 2281 ὄνειδος
686 2241 775 2285 περὶ
814 2241 940 2284 αὐτῆς.
1020 2238 1070 2273 illi
1116 2238 1194 2272 also
1239 2237 1450 2282 OlympiaS.
1502 2256 1535 2259 --

303 2292 312 2312 t

128 2319 147 2350 (5
189 2316 365 2352 ‹lubiavit
406 2319 473 2352 Ba.
510 2339 546 2342 —
579 2320 598 2351 6
629 2318 775 2352 venire:
816 2317 867 2350 ire
908 2317 943 2350 in
987 2317 1122 2350 Rasur.
1181 2313 1401 2349 Alexander
1428 2313 1539 2346 hatte

129 2393 202 2427 den
222 2394 429 2437 Antipater
460 2395 641 2429 kommen
670 2394 806 2428 lassen.
844 2414 879 2417 —
912 2396 932 2427 9
954 2372 1023 2437 quia
1050 2392 1117 2426 Ba.
1156 2412 1190 2414 —
1224 2393 1264 2425 '11
1305 2388 1538 2424 Cassandro:

132 2441 208 2474 Der
232 2442 355 2475 Name
382 2452 453 2475 nur
480 2442 577 2476 noch
606 2443 643 2476 in
675 2442 727 2485 Sy
745 2442 798 2475 Ar
821 2442 1004 2485 genannt..
1036 2460 1069 2462 ᾖ
1098 2441 1142 2473 16
1179 2438 1369 2482 pitionare
1406 2436 1474 2470 Ba.
1501 2457 1537 2459 —

134 2491 172 2524 17
205 2490 266 2523 ut:
296 2488 333 2521 in
362 2488 499 2522 Rasur.

230 2538 289 2572 33.
311 2535 369 2577 [Ζί
388 2537 472 2577 261,
488 2538 646 2577 4-262,
664 2537 725 2578 13]
753 2535 841 2569 Dies
860 2534 958 2577 Kap.
984 2534 1031 2567 ist
1052 2533 1090 2566 111
1115 2547 1144 2567 ω
1167 2530 1413 2565 verschieden
1430 2529 1543 2564 uber-

132 2582 267 2617 liefert.
312 2584 386 2616 Leo
409 2581 521 2616 allein
543 2582 625 2626 gibt
648 2582 716 2617 das
738 2583 963 2615 Testament
985 2581 1023 2614 in
1047 2580 1112 2613 der
1136 2579 1248 2613 Forni
1272 2578 1374 2612 eines
1397 2575 1543 2610 Briefes

132 2641 178 2664 an
215 2628 452 2665 Aristoteles.
491 2649 526 2652 —
558 2631 603 2663 20
638 2629 874 2672 Precipinius
991 2626 1212 2661 Ptolomeus
1245 2625 1334 2659 erit:
1373 2623 1541 2657 Stamnit
