1778 2875
709 139 942 173 -57-

129 249 235 300 Quia
274 249 485 288 laudando
525 254 566 288 te
605 249 748 288 dixisti
786 249 938 288 habere
977 249 1177 301 plurimas
1216 249 1386 288 divitias
1426 250 1527 297 auri⁷

123 314 271 353 acuisti
302 327 468 353 sensum
499 319 690 353 nostrum
721 319 764 353 et
794 315 927 353 fecisti
958 327 1032 353 nos
1064 315 1256 353 fortiores
1286 315 1327 353 in
1358 314 1530 358 virtute.¹

125 384 333 430 quatenus
375 384 537 418 vestras
580 380 845 430 acquiramus
887 379 1071 418 divitias.
1154 379 1310 418 Tamen
1356 384 1417 427 tu7
1462 379 1533 430 qui

122 456 299 494 magnus
325 449 367 483 et
393 444 578 483 excelsus
603 457 657 492 es,
693 456 786 482 cum
814 444 1055 482 conveneris
1081 449 1343 494 pugnaturus
1370 456 1533 482 mecum

124 513 166 547 et
195 509 354 557 viceris,
395 521 479 547 non
519 507 692 547 habebis
724 508 904 556 laudem⁷
938 509 1035 559 quia
1065 508 1349 547 latrunculum
1380 509 1530 547 vicisti.

131 573 250 624 Quod
290 574 321 612 si
360 586 433 624 ego
471 573 607 611 vicero
645 578 699 621 te,
739 574 969 611 maximam
1008 573 1177 624 acquiro
1215 573 1396 621 laudem,
1437 574 1534 624 quia

124 638 586 688 magnificentissimum
637 638 933 688 imperatorem
985 638 1078 676 vici.
1187 638 1294 688 Quia
1346 638 1534 676 direxisti

127 703 243 741 nohis
280 715 450 742 curvam
486 703 647 753 virgam
682 707 723 741 et
759 715 921 753 speram
958 707 1085 753 atque
1122 715 1292 741 auream
1329 707 1532 744 cantram,

125 767 319 818 intellego
341 767 419 806 hoc
439 780 510 818 per
531 767 692 817 virgam
714 780 904 806 curvam:
930 772 1158 805 curvantur
1181 772 1278 806 ante
1300 780 1365 805 me
1388 772 1534 818 poten-

126 833 274 871 tissimi
302 845 435 883 reges;
467 845 536 883 per
566 845 729 883 speram
758 833 984 871 rotundam
1016 832 1222 882 intellego,
1255 832 1351 883 quia
1382 832 1533 870 tenebo

125 897 434 936 rotunditatem
465 897 598 935 tocius
630 897 794 945 mundi3
828 910 898 948 per
931 903 1121 935 cantram
1153 910 1322 935 auream
1354 910 1419 935 me
1450 910 1536 935 esse

128 962 387 1001 victorialem
416 961 609 1012 intellego
639 967 681 1000 et
710 975 878 1000 censum
908 962 960 1000 ab
991 962 1185 1000 omnibus
1214 962 1407 1013 recipere,
1439 962 1534 1012 quia

127 1031 169 1065 et
188 1039 211 1065 a
232 1032 286 1075 te,
304 1027 373 1078 qui
394 1039 570 1077 magnus
589 1040 644 1075 es,
662 1039 749 1077 ego,
768 1027 836 1078 qui
858 1040 1012 1078 parvus
1033 1040 1137 1072 sum,
1156 1032 1346 1065 cantram
1366 1040 1535 1065 auream

128 1091 303 1142 recepi.“

234 1157 298 1195 39.
336 1157 425 1194 Hoc
459 1156 598 1194 taliter
633 1157 850 1195 scribendo
886 1157 1053 1195 vocavit
1088 1157 1373 1208 apocrisarios,
1409 1157 1535 1195 dona-

131 1222 190 1259 vit
226 1221 303 1259 illis
340 1226 528 1260 cantram
565 1234 734 1260 auream
772 1222 926 1272 pariter
963 1227 1003 1259 vt
1040 1222 1260 1272 epistolam
1297 1235 1343 1260 ac
1380 1222 1533 1259 dimisit

128 1298 209 1324 eos.
274 1286 432 1324 Euntes
463 1299 561 1325 vero
594 1287 706 1324 missi
739 1287 849 1337 cepit
882 1287 1117 1325 Alexander
1150 1300 1370 1338 preparare
1403 1299 1456 1334 se,
1491 1292 1538 1324 ut

128 1351 204 1389 iter
243 1355 421 1402 caperet.
476 1351 659 1402 Recepta
697 1352 839 1402 itaque
887 1352 1034 1390 Darius
1073 1352 1247 1403 epistola
1296 1357 1338 1390 et
1385 1351 1537 1389 relecta

128 1416 260 1454 iratus
286 1421 367 1464 est;
397 1416 548 1454 direxit
575 1417 754 1467 satrapis
782 1417 864 1455 suis
892 1417 1113 1467 epistolam
1140 1417 1215 1455 tali
1242 1417 1385 1454 modo:
1417 1417 1537 1465 „Rex

133 1481 280 1519 Darius
313 1480 531 1519 Persarum
564 1482 742 1532 satrapis
776 1482 889 1520 ineis.
951 1482 1203 1520 Audivimus
1235 1482 1391 1532 itaque,
1426 1481 1535 1532 quod

131 1545 238 1583 silius
278 1545 427 1596 Filippi
464 1546 700 1585 Alexander
740 1547 911 1585 Macedo
951 1547 1138 1585 elevatus
1177 1551 1237 1585 cst
1279 1547 1317 1584 in
1357 1546 1537 1584 stultitia

131 1615 172 1648 ct
195 1610 371 1648 intravit
392 1611 433 1648 in
456 1615 609 1649 terram
635 1609 806 1664 Asi[a]e‚
845 1609 986 1664 qu[a]‹¹
1011 1625 1101 1650 moa
1126 1617 1201 1659 est,
1226 1617 1267 1650 et
1290 1611 1537 1662 depredavit

129 1688 234 1713 vam.
304 1675 568 1726 Quapropter
602 1677 782 1727 precipio
817 1676 948 1722 vobis,
985 1683 1029 1715 ut
1063 1676 1388 1728 apprehendatis
1422 1676 1537 1715 illum

130 1745 258 1790 atque
298 1740 493 1779 adducite
532 1741 647 1779 illum
688 1741 801 1788 mihi,
843 1742 950 1780 sicut
989 1747 1076 1780 tam
1118 1754 1291 1792 magnos
1330 1747 1372 1779 et
1412 1741 1538 1779 sortes

133 1805 240 1843 viros
267 1804 385 1843 dccet
410 1810 451 1844 et
476 1805 688 1844 adiutores
714 1807 794 1845 mei
820 1807 994 1857 imperii,
1023 1812 1069 1845 ut
1095 1807 1307 1857 pueriliter
1334 1806 1536 1856 flagellem

132 1869 245 1908 illum
273 1874 316 1908 et
341 1869 513 1908 induam
540 1870 655 1909 illum
684 1884 869 1922 purpura
896 1876 937 1910 et
965 1872 1140 1922 dirigam
1168 1871 1284 1910 illum
1313 1871 1537 1921 Olimpiadi

130 1934 255 1972 matri
286 1947 384 1973 suae
414 1935 455 1973 in
486 1935 744 1984 Macedonia,
778 1937 875 1987 quia
906 1949 988 1975 non
1021 1937 1140 1975 decet
1171 1937 1206 1975 ei
1237 1948 1436 1987 pugnare,
1469 1935 1538 1974 sed

131 2004 241 2037 stare
272 1999 313 2037 in
344 2000 555 2050 provintia
586 2013 660 2040 sua
692 2006 733 2039 et
764 2001 904 2039 ludere
936 2006 983 2040 ut
1015 2002 1158 2052 puer.“

243 2063 485 2114 Relegentes
522 2065 664 2116 itaque
702 2063 931 2119 satrap[a]o
968 2065 1076 2105 hanc
1112 2066 1333 2117 epistolam
1369 2066 1539 2116 rescrip-

131 2133 275 2167 serunt
303 2128 339 2167 ei
367 2129 587 2180 epistolam
616 2130 690 2169 tali
719 2131 863 2169 modo:
896 2131 1028 2181 „Regi
1060 2131 1279 2170 Persarum
1310 2131 1435 2169 Dario
1465 2142 1538 2180 ego

134 2193 296 2231 Primus
336 2198 378 2232 et
416 2194 663 2234 Antilochos
704 2200 892 2247 satrapes
932 2196 1146 2247 gaudium.
1228 2196 1342 2235 Sciat
1382 2195 1539 2245 magni-

133 2257 236 2296 tudo
266 2262 420 2307 vestra,
452 2259 549 2310 quia
579 2260 716 2311 ipsum
747 2273 921 2311 puerum
952 2261 1254 2308 Alexandrum,
1287 2272 1412 2311 quem
1443 2260 1540 2299 dici-

226 2378 245 2410 2
273 2376 310 2409 in
336 2376 498 2412 virtute:
525 2377 563 2411 in
588 2378 647 2412 vir
671 2378 738 2413 auf
764 2379 900 2413 Rasur.
927 2401 963 2404 —
983 2381 1027 2414 13
1057 2390 1147 2415 aure
1175 2381 1242 2414 auf
1269 2380 1407 2415 Rasur.

232 2424 290 2457 39.
308 2423 365 2466 [Zi
382 2425 465 2465 156,
481 2426 639 2467 8-157,
658 2426 693 2467 7]
712 2427 756 2460 16
781 2437 825 2460 ac
848 2426 946 2460 korr.
966 2427 1020 2461 Ba
1046 2426 1165 2461 durch
1183 2427 1310 2461 Rasur
1325 2436 1393 2460 aus
1408 2427 1537 2462 thanc.

139 2491 175 2494 -
204 2472 245 2505 17
273 2480 336 2504 eos
359 2470 457 2504 korr.
484 2471 541 2506 Ba
564 2482 633 2506 aus
656 2473 719 2506 eis.
753 2493 788 2496 —
818 2475 858 2507 17
888 2475 931 2507 ut
954 2474 1027 2508 iter
1050 2476 1221 2517 caperet:
1249 2484 1320 2507 nur
1344 2475 1376 2507 A
1394 2474 1452 2509 Va
1468 2476 1537 2509 Ar:

131 2517 386 2561 ἐξεπορεύετο
413 2517 469 2557 εἷς
492 2518 556 2562 τὴν
586 2519 720 2553 Ασίαν.
753 2541 788 2543 -
818 2522 863 2554 20
890 2521 982 2554 meis
1006 2521 1044 2554 in
1069 2521 1206 2555 Rasur.
1235 2541 1271 2544 —
1301 2522 1345 2555 26
1361 2521 1538 2556 induam:

133 2564 272 2598 ebenso
296 2564 353 2598 Va
373 2564 443 2609 Sy3
467 2565 622 2600 ἐκδύσω
647 2580 688 2601 ω.
720 2587 757 2590 -
785 2569 829 2601 29
860 2568 1153 2612 rescripserunt:
1180 2568 1250 2602 Die
1272 2568 1452 2602 Antwort
1475 2568 1541 2602 der

135 2612 325 2656 Satrapen
349 2611 386 2644 in
402 2624 432 2646 ω
447 2612 705 2647 verschieden.
729 2634 764 2637 —
782 2616 823 2648 31
843 2614 993 2649 Primus
1008 2617 1046 2649 et
1058 2615 1302 2650 Antilochos:
1319 2626 1346 2648 s.
1364 2615 1460 2649 Einl.
1481 2617 1537 2648 2‘2.

1354 2698 1398 2724 5*

1553 267 1644 295 57L

1561 844 1596 869 m

1562 1169 1596 1195 15

1566 1363 1707 1389 [3199c

1560 1494 1599 1518 21)

1557 1687 1648 1722 581L

1560 1818 1598 1845 25

1560 2136 1599 2163 30
