1778 2875
208 196 348 234 nare.“
400 195 482 234 Ubi
507 194 583 234 1100
611 196 730 244 dixit,
758 197 942 247 precepit
969 197 1051 235 suis
1077 197 1280 236 militibus
1306 198 1616 249 apprehendere

210 259 397 298 homines
419 260 529 311 ipsos
550 265 591 299 et
613 261 850 311 crucifigere
871 261 973 300 illos.
1012 262 1070 300 At
1089 262 1146 300 illi
1167 262 1382 302 dixerunt:
1436 263 1522 312 „Et
1540 276 1616 303 nos

211 337 337 375 quam
381 325 545 376 culpam
589 324 792 364 habemus
808 326 851 364 ?“
942 326 1102 377 Quibus
1145 327 1398 367 Alexander:
1446 329 1617 380 „Quare

211 390 346 428 dicitis
382 402 446 428 me
483 390 589 428 male
627 390 792 429 facere?
867 391 987 442 Quod
1025 392 1057 429 si
1093 404 1167 442 ego
1202 393 1310 431 male
1348 393 1467 441 facio,
1504 393 1618 432 dicta

42 462 66 487 3
96 462 185 487 199³
213 455 382 493 senioris
412 455 540 493 vestri
571 455 827 506 compellunt
856 469 921 494 me
952 456 1050 495 illud
1084 457 1230 505 facere,
1263 458 1333 508 qui
1363 458 1514 496 direxit
1543 470 1618 496 vos

211 520 329 570 quasi
365 519 416 558 ad
453 520 702 558 latronem.“
772 521 828 559 At
864 521 921 559 illi
957 521 1172 560 dixerunt:
1211 522 1418 570 „Proinde
1455 523 1619 574 scripsit

213 585 362 623 Darius
398 584 512 631 haee,
551 585 648 635 quia
682 585 814 624 nescit
849 586 1184 636 magnitudinem
1220 592 1338 625 tuam
1374 592 1415 626 et
1451 587 1542 638 quis
1577 600 1619 626 es

210 654 270 688 tu.
288 649 351 688 Ex
367 662 448 700 quo
462 662 536 687 nos
551 650 742 688 venimus
756 650 1309 701 etvidimusintellegibilem
1322 652 1617 703 inperatorem,

97 727 136 753 50
165 727 186 752 L
212 720 438 765 postquam
456 714 712 762 redierimus7
732 728 802 765 per
820 728 894 754 nos
909 716 986 755 erit
1000 716 1271 755 diffamatum
1286 729 1438 755 nomen
1452 717 1616 756 tuum.“

154 791 190 818 1o
321 779 592 830 precepitque
633 780 722 818 illos
763 780 974 820 dimittere
1015 786 1142 832 atque
1183 782 1302 820 iussit
1342 794 1410 820 eos
1449 782 1620 821 invitari

211 844 262 883 ad
289 845 529 882 convivium
555 857 689 883 suum.
741 844 1074 897 Sedentibusque
1100 859 1194 885 cum
1220 859 1266 885 eo
1291 851 1333 885 et
1358 847 1620 886 convivanti-

211 909 287 948 bus
324 910 521 948 dixerunt
555 910 657 959 regi:
697 910 989 959 „Dominaton
1027 911 1058 949 si
1094 911 1232 962 placet
1266 912 1471 962 potestati
1506 916 1618 959 tuae,

211 974 373 1025 precipe
409 975 549 1013 venire
585 974 803 1013 nobiscum
838 975 948 1013 mille
983 975 1135 1014 milites
1171 982 1213 1015 et
1250 977 1464 1015 trademus
1499 976 1622 1015 vobis

214 1039 429 1078 Darium.“
495 1039 655 1090 Quibus
685 1039 940 1079 Alexander:
974 1041 1175 1089 „Letetur
1206 1042 1369 1080 animus
1399 1046 1537 1080 vester
1567 1041 1620 1080 ad

154 1111 189 1137 15
212 1103 289 1142 1100
322 1105 362 1143 111
399 1104 549 1155 quibus
584 1104 748 1153 sedetis,
785 1105 882 1156 quia
916 1118 989 1156 pro
1024 1105 1254 1144 tradicione
1289 1107 1416 1145 vestri
1451 1106 1622 1145 senioris

212 1182 294 1207 non
347 1169 560 1208 dabuntur
611 1169 730 1208 vobis
781 1170 890 1208 mille
940 1170 1135 1209 milites.“

320 1234 383 1273 38.
428 1234 519 1272 Alio
562 1235 705 1285 itaque
748 1234 812 1273 die
853 1235 1007 1274 resedit
1047 1235 1283 1274 Alexander
1326 1236 1622 1287 praecepitque

214 1299 388 1338 scribere
417 1299 637 1350 epistolam
668 1300 792 1338 Dario
820 1301 905 1351 regi
933 1301 1219 1339 continentem
1247 1301 1324 1339 ita:
1381 1301 1501 1349 „Rex
1528 1300 1622 1339 Ale—

214 1364 385 1412 xander,
423 1364 573 1415 Filippi
606 1364 715 1403 filius
749 1369 875 1415 atque
910 1365 1169 1416 Olimpiadis⁷
1210 1367 1362 1404 terreni
1393 1366 1477 1416 regi
1508 1366 1623 1416 regni

153 1441 193 1468 20
216 1430 355 1477 Dario⁷
380 1429 571 1480 proximo
595 1429 682 1477 soli,
706 1430 861 1468 lucenti
884 1443 967 1469 una
991 1443 1084 1469 cum
1096 1430 1273 1469 Persidis
1296 1431 1386 1479 diis⁷
1410 1429 1487 1469 hoc
1509 1430 1620 1469 dico:

216 1494 404 1533 Dedecus
460 1499 523 1533 est
576 1499 664 1533 tam
719 1495 972 1533 lucidissimo
1028 1500 1154 1546 atque
1208 1496 1623 1546 magnificentissimo

213 1559 456 1610 imperatori
495 1559 667 1609 dirigere
706 1572 836 1610 parvo
875 1559 1034 1599 homini
1072 1561 1173 1599 talia
1211 1561 1339 1599 verba
1377 1565 1418 1599 et
1456 1573 1623 1599 manere

216 1625 366 1663 cotidie
399 1625 440 1663 in
474 1625 749 1675 suspectione,
783 1638 902 1676 posse
935 1625 1015 1664 ledi
1049 1638 1071 1664 a
1103 1638 1169 1663 me
1202 1630 1262 1673 tu,
1298 1626 1368 1676 qui
1400 1638 1441 1664 es
1474 1638 1623 1676 parens

216 1689 310 1728 solis
342 1695 379 1728 et
412 1689 566 1728 resides
597 1690 637 1728 in
670 1689 821 1728 throno
853 1689 1032 1729 Mithrae
1063 1695 1105 1729 et
1136 1690 1257 1740 fulgis
1288 1703 1371 1729 una
1403 1703 1497 1728 011111
1529 1690 1623 1729 Per-

155 1760 193 1787 25
216 1755 312 1793 sidis
351 1752 474 1807 [diis].
548 1755 613 1793 Dii
649 1767 830 1806 namque
867 1755 1110 1794 inmortales
1146 1755 1320 1803 irantur,
1359 1755 1390 1793 si
1426 1755 1625 1793 mortales

215 1818 403 1858 homines
434 1832 473 1858 se
504 1819 613 1857 effici
643 1819 793 1858 volunt
823 1820 920 1858 socii
950 1820 1126 1858 illorum.
1183 1820 1372 1858 Mortalis
1428 1832 1501 1870 ego
1531 1832 1624 1858 sum

48 1891 71 1914 “2
101 1890 190 1917 199b
217 1890 259 1923 et
289 1885 344 1923 sic
374 1885 495 1923 venio
526 1884 577 1923 ad
610 1889 650 1923 te
681 1885 799 1936 quasi
829 1898 923 1923 011111
953 1885 1119 1924 mortali
1149 1884 1315 1923 homine
1346 1890 1622 1935 pugnaturus.

49 1901 65 1916 Π

309 1986 328 2018 6
357 1987 397 2019 at
422 1985 491 2019 tilli
526 1986 594 2020 Ba.
637 2006 672 2009 ff
711 1988 729 2020 S
766 1985 1068 2029 intellegibilem:
1103 1986 1282 2030 φρενήρη.
1328 2006 1363 2009 —
1405 1987 1424 2019 8
1456 1985 1623 2030 inpetra-

215 2035 337 2067 torem
362 2032 431 2074 Ba,
453 2032 521 2067 das
542 2034 640 2066 erste
664 2035 680 2066 t
701 2032 930 2067 ausradiert.
962 2054 997 2057 —
1023 2036 1042 2067 9
1058 2043 1124 2077 per
1141 2043 1210 2066 nos
1234 2061 1240 2066 .
1259 2061 1264 2066 .
1283 2061 1289 2066 .
1317 2035 1445 2068 tuum:
1466 2043 1506 2066 so
1525 2032 1621 2067 auch

217 2080 286 2124 Sy3
315 2079 412 2113 fehlt
442 2093 483 2114 ω,
520 2101 555 2103 -
593 2082 638 2114 13
667 2080 795 2114 venire
826 2080 933 2115 nob:
967 2091 994 2114 s.
1028 2080 1125 2114 Einl.
1164 2081 1220 2113 22.
1255 2101 1289 2103 —
1321 2082 1364 2114 13
1398 2079 1497 2114 mille
1521 2080 1622 2113 korr.

215 2137 284 2161 aus
308 2126 346 2160 ill
369 2128 428 2169 [os
441 2128 493 2169 ‘>];
524 2138 541 2158 e
567 2127 603 2160 in
630 2128 766 2161 Rasur.

314 2175 374 2209 38.
402 2174 459 2216 [Zi
490 2176 572 2215 155,
602 2176 760 2209 9—156.
790 2176 826 2216 8]
858 2177 900 2208 19
931 2177 1081 2208 terreno
1110 2185 1137 2207 r.
1168 2174 1271 2217 regni
1302 2174 1357 2215 (so
1388 2174 1456 2215 Ba,
1487 2173 1627 2208 darauf

215 2222 274 2255 ein
296 2221 422 2255 Strich
451 2221 628 2263 radies-fl:
654 2224 803 2255 terreno
827 2232 854 2255 r.
878 2232 1009 2265 regum
1032 2232 1148 2255 verm.
1174 2222 1244 2262 La;
1267 2222 1343 2262 regi
1366 2221 1503 2255 terreni
1518 2221 1624 2264 regni

219 2268 318 2303 J¹.—
336 2271 380 2302 20
400 2268 551 2303 lucente
572 2268 639 2303 Ba.
658 2289 693 2292 —
711 2271 755 2303 ‘20
774 2268 844 2303 hoc
860 2269 943 2303 dico
964 2268 1047 2303 dico
1069 2269 1121 2311 (in
1142 2269 1282 2311 Rasur)
1305 2268 1469 2303 dedecus
1489 2268 1556 2303 Ba.
1585 2288 1620 2291 —

216 2323 260 2354 24
288 2321 449 2355 mithere
473 2322 541 2363 Ba,
568 2322 576 2355 i
602 2322 639 2355 in
665 2332 683 2355 e
706 2322 810 2363 korr;
838 2332 865 2355 s.
892 2325 1013 2356 unten
1040 2321 1075 2355 ΙΙ
1103 2324 1166 2356 14:
1193 2321 1388 2355 Mithram.
1417 2321 1461 2355 In
1486 2320 1625 2355 throno

216 2368 398 2404 Mithrae:
425 2368 578 2403 'ahnlich
606 2369 658 2413 Sy
676 2369 733 2403 Va
750 2370 803 2402 Ar
821 2369 897 2413 By3
924 2368 1020 2403 fehlt
1043 2370 1075 2403 A
1095 2368 1124 2402 B
1144 2368 1170 2402 C
1189 2369 1228 2401 L.
1262 2389 1297 2392 w
1326 2368 1435 2403 Nach
1461 2367 1627 2402 Mithrae

216 2415 301 2458 fugt
325 2416 376 2449 La
400 2426 485 2450 cum
508 2416 597 2450 sole.
618 2437 653 2439 —
671 2417 715 2449 25
740 2415 810 2449 diis
831 2426 906 2459 erg.
932 2416 995 2450 La.
1027 2436 1061 2439 —
1089 2418 1131 2450 27
1150 2416 1261 2449 venio
1285 2415 1393 2460 quasi
1415 2415 1464 2449 ad
1488 2417 1523 2449 te
1548 2415 1623 2454 Ba}

219 2462 316 2496 korr.
346 2463 415 2504 11ος
455 2462 558 2501 Sittl,
595 2463 778 2497 Bursians
818 2463 1034 2497 Jahresber.
1073 2463 1163 2497 1888
1190 2464 1226 2497 II
1252 2462 1288 2497 S.
1313 2464 1400 2498 267:
1437 2461 1545 2506 quasi
1575 2461 1623 2496 ad

218 2511 255 2543 te
280 2527 321 2537 z
348 2510 576 2554 spatgrieeh.
610 2511 663 2550 ὡς
688 2510 786 2554 πρὸς
810 2511 864 2544 σέ.
893 2510 996 2544 Aber
1016 2509 1198 2554 Vorlage:
1232 2510 1401 2554 ἔρχομαι
1437 2509 1535 2553 πρὸς
1567 2509 1623 2550 σέ,

216 2557 450 2601 πολεμήσων
482 2557 535 2596 ὡς
556 2557 705 2602 θνητόν.
