1778 2875
715 139 945 171 *77—

125 252 243 298 pater
275 260 393 287 meus
424 253 466 286 et
498 248 584 286 sedi
614 248 657 286 in
688 247 840 286 throno
872 248 972 295 eius⁷
1005 247 1199 286 descendi
1231 247 1273 285 in
1305 247 1533 285 occidentis

124 312 327 363 partibus.
368 306 374 310 ³
415 309 658 365 Plurim[a]e
703 312 896 351 civitates
939 309 1223 365 subiugat[a]e
1268 316 1366 350 sunt
1409 311 1530 359 mihi3

123 374 263 430 ali[a]e
305 390 376 428 per
418 377 614 428 epistolas
657 374 940 429 subiugat[a]e
982 381 1080 415 sunt
1122 376 1242 424 mihi;
1285 381 1532 427 receperunt

124 441 227 480 bene
255 446 297 480 et
324 441 523 480 honorem
550 454 574 480 a
600 441 720 480 nobis
748 446 790 480 et
817 441 949 480 secuti
976 446 1074 479 sunt
1102 453 1167 479 me
1196 441 1369 492 quidam
1397 454 1448 480 ex
1475 441 1532 480 eis

124 507 165 544 in
202 507 423 557 proelium;
460 507 649 545 nolentes
684 506 827 557 itaque
864 505 933 544 alii
969 506 1108 544 venire
1145 506 1197 544 ad
1234 518 1299 543 me
1336 506 1376 544 in
1414 518 1528 556 pace,

125 571 309 621 pugnavi
340 584 408 610 eos
440 576 482 609 et
513 570 725 621 dissipavi.
790 571 948 609 Iterum
981 570 1192 621 quomodo
1225 570 1320 609 veni
1353 570 1477 609 modo
1510 583 1531 609 a

124 636 368 675 Macedonia
388 648 460 687 per
483 635 709 686 Europam,
731 635 888 673 restitit
908 633 1008 673 mihi
1030 634 1173 673 Theba
1195 635 1362 683 civitas3
1386 648 1531 686 appre-

124 699 248 739 hendi
281 705 323 739 et
353 700 552 751 dissipavi
575 699 687 738 illam
711 712 785 750 pro
810 699 992 738 stultitia
1015 700 1194 738 illorum.
1243 700 1362 738 Nunc
1387 705 1529 739 autem

127 765 220 803 veni
249 764 480 813 Athenam3
512 765 603 803 dico
633 764 752 803 vobis
781 764 1107 803 Atheniensibus
1137 769 1179 803 et
1208 763 1285 802 hoc
1316 765 1531 815 promitto,

124 831 222 880 quia
257 829 359 869 nihil
394 829 506 868 aliud
542 834 643 880 opto
679 841 702 867 a
738 829 870 877 vobis,
908 829 984 867 nisi
1021 834 1067 867 ut
1104 829 1294 868 militetis
1328 829 1404 867 sub
1440 842 1532 868 meo

124 895 296 945 imperio
324 899 366 933 et
392 907 457 933 me
484 893 676 933 habeatis
704 894 919 932 seniorem.
974 894 1028 932 Et
1056 894 1088 932 si
1115 906 1197 932 non
1226 894 1368 940 vultis,
1397 899 1530 933 estote

132 960 324 998 forciores
382 959 501 1007 meis,
562 959 623 997 sin
683 964 838 1002 autem,
891 959 1167 1008 subiugamini
1220 958 1318 997 mihi
1372 959 1531 997 forciori

125 1025 307 1063 vestro.“

230 1101 267 1139 3.
303 1101 505 1150 Legentes
538 1105 681 1139 autem
714 1100 990 1139 Athenienses
1023 1100 1244 1150 epistolam
1278 1106 1531 1149 rogaverunt

128 1165 421 1204 Demostenem
461 1164 769 1216 philosophum,
812 1170 857 1203 ut
897 1165 1015 1204 daret
1055 1165 1111 1203 eis
1151 1165 1381 1203 consilium.
1460 1165 1531 1203 Ille

123 1234 266 1269 autem
299 1228 492 1283 eri[g]ens
526 1244 566 1269 se
600 1230 749 1269 annuit
782 1243 923 1278 manu,
958 1230 1183 1281 imperavit
1217 1230 1381 1281 populis
1414 1230 1532 1268 silen-

124 1295 231 1333 tium
260 1300 302 1333 et
332 1295 456 1333 dixit:
515 1295 630 1342 „Viri
660 1295 770 1333 cives
799 1295 893 1343 mei,
925 1307 1145 1334 commune
1176 1295 1393 1333 consilium
1423 1294 1532 1333 dabo

127 1359 258 1398 vobis.
311 1360 430 1410 Quod
456 1360 488 1398 si
513 1360 625 1399 scitis
650 1373 723 1398 vos
749 1361 852 1398 tales
876 1373 975 1407 esse,
1002 1365 1049 1398 ut
1075 1360 1255 1398 vincatis
1278 1372 1414 1409 regem
1439 1360 1532 1398 Ale-

126 1425 346 1471 xandrum,
379 1430 561 1475 pugnate
593 1437 687 1463 cum
718 1438 784 1473 eo,
818 1425 877 1463 sin
910 1430 1066 1473 autem,
1100 1426 1320 1463 flectamus
1353 1438 1426 1463 nos
1456 1424 1531 1463 sub

125 1494 335 1540 potestate
378 1502 579 1528 manuum
621 1491 720 1528 eius.
802 1490 957 1528 Audite
1000 1490 1335 1528 similitudinem:
1381 1490 1532 1527 scimus

125 1567 259 1605 regem
300 1555 466 1593 Xerxen
506 1555 779 1593 fortissimum
817 1560 944 1606 atque
982 1568 1181 1605 magnum
1220 1568 1319 1598 esse,
1359 1559 1399 1592 et
1439 1567 1531 1592 cum

124 1619 326 1658 militibus
353 1619 435 1658 suis
462 1619 616 1658 multas
645 1620 741 1658 fecit
770 1620 979 1667 victorias,
1009 1620 1078 1658 sed
1107 1620 1307 1658 sustinuit
1337 1619 1531 1670 perditio-

124 1697 232 1723 nem.
299 1684 376 1722 Hic
407 1684 643 1723 Alexander
676 1697 768 1723 ecce
802 1685 884 1723 iam
920 1684 1118 1723 tredecim
1152 1697 1313 1736 pugnas
1346 1684 1527 1722 exercuit

124 1754 167 1787 et
194 1749 294 1787 vicit
320 1762 402 1797 eas,
431 1750 557 1788 etiam
585 1750 787 1801 plurimae
816 1750 1022 1797 civitates,
1052 1751 1092 1788 in
1121 1749 1273 1800 quibus
1300 1749 1417 1794 abiit,
1447 1749 1531 1787 sinn⁴

124 1826 265 1864 pugna
286 1819 328 1853 et
350 1814 435 1852 sine
457 1814 596 1865 aliqua
619 1814 890 1853 altercatione
913 1814 1160 1864 subiugatae
1183 1820 1282 1853 sunt
1304 1814 1352 1852 ei.
1399 1814 1532 1852 Dicite

124 1878 244 1917 mihi:
274 1878 373 1916 Tirii
400 1891 482 1917 non
511 1884 630 1918 erant
653 1880 866 1918 fortissimi
895 1880 1047 1918 milites
1075 1885 1117 1918 et
1145 1879 1268 1930 periti
1296 1879 1335 1917 in
1366 1891 1532 1917 omnem

125 1947 258 1981 artem
288 1944 532 1994 pugnandi?
595 1944 716 1995 Quod
748 1950 890 1983 actum
921 1950 984 1983 est
1013 1958 1063 1983 ex
1095 1944 1173 1982 illis
1190 1945 1205 1982 Ξ)
1262 1943 1418 1982 Thebei
1448 1944 1532 1981 sine

225 2086 244 2118 3
275 2095 342 2129 per
371 2085 568 2128 epistolas:
602 2085 737 2119 Fehler
767 2086 833 2119 der
862 2085 1120 2129 griechischen
1152 2085 1328 2129 Vorlage,
1359 2085 1432 2125 die,
1463 2085 1532 2119 wie

122 2133 201 2176 jezt
242 2132 288 2174 A,
330 2133 546 2173 ἐπιστολαῖς
588 2133 698 2167 hatte
741 2134 840 2167 statt
887 2133 949 2167 ἐπ’
987 2133 1192 2174 ἑπιτολαῐς,
1247 2131 1321 2176 vgl.
1373 2131 1532 2166 Ausfeld

124 2181 216 2215 1907
253 2178 289 2213 S.
323 2180 380 2214 59.
420 2200 454 2203 —
490 2182 509 2214 9
540 2180 859 2215 Atheniensibus:
901 2180 987 2214 ibus
1027 2180 1065 2214 in
1098 2181 1241 2220 Rasur,
1279 2179 1533 2213 Athenienses

125 2227 178 2261 La
207 2225 386 2306 nachBJl.
423 2247 458 2250 —
491 2229 534 2261 12
566 2228 674 2262 meis:
706 2228 777 2261 mei
810 2227 849 2261 J1
878 2227 1071 2262 vielleicht
1101 2226 1255 2271 riehtig3
1285 2226 1377 2261 aber
1404 2228 1531 2260 vestro

127 2274 166 2307 ,Ι1
195 2274 264 2307 wie
329 2284 361 2307 a.

222 2322 277 2362 [22
306 2319 416 2354 Fehlt
452 2320 510 2355 bei
539 2321 624 2355 Leo.
674 2321 780 2356 Naeli
825 2321 872 2355 Ps
910 2321 1088 2356 schicken
1127 2321 1185 2354 die
1218 2321 1389 2355 Athener
1423 2320 1530 2354 einen

129 2366 395 2402 ablehnenden
419 2367 523 2402 Brief
545 2379 593 2402 an
610 2368 830 2403 Alexander
852 2368 930 2402 und
954 2368 1105 2403 werden
1130 2379 1205 2402 von
1232 2367 1422 2401 Demades
1446 2378 1530 2401 zum

125 2414 374 2449 VViderstand
409 2415 688 2458 aufgefordert;
724 2415 818 2449 uber
854 2415 893 2449 J¹
926 2426 953 2449 s.
991 2415 1088 2449 Einl.
1124 2416 1200 2457 17.]

224 2463 262 2496 3.
290 2461 348 2505 [Ζί
372 2463 455 2503 167,
477 2466 511 2504 1,
534 2464 670 2505 4—24]
696 2466 736 2498 17
762 2463 877 2498 dixit:
916 2463 1195 2497 Demosthenes
1228 2461 1424 2505 widerlegt
1459 2461 1529 2495 den

125 2509 278 2543 Redner
310 2508 511 2551 Demades,
542 2509 608 2544 der
637 2510 734 2545 nach
776 2510 825 2544 Ps
859 2510 898 2544 in
931 2509 1030 2554 Kap.
1062 2512 1096 2550 2,
1127 2509 1196 2543 das
1225 2508 1286 2543 bei
1317 2508 1392 2543 Leo
1422 2508 1530 2548 fehlt,

124 2555 360 2600 gesproehen
386 2556 508 2590 hatte.
559 2556 626 2591 Bei
652 2558 727 2591 Leo
752 2556 846 2591 wird
872 2557 1099 2600 demgemass
1127 2556 1193 2590 auf
1218 2556 1290 2590 den
1317 2555 1532 2589 Vorredner

126 2603 231 2637 nicht
255 2603 382 2645 Bezug
403 2613 630 2646 genommen
652 2605 721 2638 wie
745 2604 781 2637 in
807 2618 849 2638 ω.
882 2625 916 2628 —
945 2607 986 2638 27
1014 2603 1135 2647 quod:
1159 2603 1260 2637 korr.
1286 2602 1341 2636 Ba
1364 2603 1401 2635 in
1426 2601 1529 2645 qnid.

1558 712 1580 736 Β
1606 710 1666 737 202

1558 842 1594 866 10

1556 906 1595 931 70
1624 906 1644 931 L

1558 1178 1592 1204 15

1554 1502 1593 1528 20

1554 1822 1592 1848 25
