1778 2875
130 232 268 271 daulis
296 237 358 271 est
387 245 481 271 cum
509 232 686 283 plurimo
715 230 847 280 hoste,
876 236 924 270 ut
950 231 1150 270 reddatur
1178 242 1282 268 uxor
1310 230 1409 268 eius.
1467 229 1538 268 Sin

132 296 245 345 alias,
275 297 512 336 moriemini
542 309 685 335 omnes
714 309 786 347 per
815 296 994 346 ignem.“
1055 295 1265 334 Irruentes
1294 299 1436 333 autem
1466 293 1538 333 ho-

131 362 265 401 mines
294 362 422 413 ipsius
452 362 636 400 civitatis
666 361 870 411 fregentes
900 365 1042 411 portas
1072 360 1217 411 palatii
1247 358 1539 398 abstrahentes

132 427 226 466 inde
260 439 433 465 uxorem
466 425 690 465 Candaulis
722 425 994 464 reddiderunt
1027 437 1118 463 eam
1151 424 1220 462 illi.
1282 424 1465 463 Volvens
1499 437 1538 462 se

132 491 370 530 Alexandro
414 491 539 529 dixit:
625 490 710 538 „Mi
752 490 965 528 karissime
1008 489 1231 539 Antigone,
1277 488 1394 527 crede
1437 488 1536 526 mihi
1582 504 1600 530 5

134 560 261 607 atque
284 556 486 607 promitto
509 554 586 593 tibi
607 559 650 593 et
670 566 769 604 rogo
790 558 845 601 tc,
868 559 915 592 ut
937 553 1080 592 venias
1101 565 1265 591 mecum
1288 553 1338 591 ad
1362 558 1539 591 matrem

133 633 284 669 meam⁷
323 624 531 671 quatenus
567 619 717 657 reddat
754 618 830 657 tibi
868 618 1039 669 dignum
1077 618 1274 656 meritum
1311 622 1353 656 et
1390 617 1537 656 offerat

135 685 212 724 tibi
247 685 357 724 dona
390 684 585 735 regalia.“
657 683 854 723 Gaudens
888 683 1124 721 Alexander
1160 682 1284 721 dixit:
1355 682 1541 730 „Eamus

136 750 188 789 ad
211 749 498 789 Alexandrum
535 753 577 787 et
600 748 767 799 postula
790 761 855 798 me
880 747 932 786 ab
956 747 1025 786 illo
1049 752 1090 785 et
1113 759 1187 797 ego
1210 747 1332 785 venio
1358 748 1538 785 tecum.“

139 814 403 865 Significavit
440 813 519 852 hoc
556 817 680 852 antea
704 812 933 860 ptolomeo,
973 817 1014 850 et
1051 817 1153 850 tunc
1190 811 1294 850 abiit
1318 811 1541 851 Candaulis
1566 822 1602 848 ιο

136 884 178 918 et
206 879 329 931 petiit
359 891 452 917 eum
483 877 535 917 ab
565 877 648 916 illo.
705 878 890 928 Accepta
920 877 1086 915 licentia
1116 877 1219 915 abiit
1250 889 1343 915 cum
1374 889 1434 915 eo.

244 943 307 983 21.
338 944 441 983 Cum
470 947 611 982 autem
641 943 769 981 issent
797 955 868 993 per
896 943 1009 981 viam
1038 947 1079 980 et
1108 942 1281 980 vidisset
1308 941 1543 980 Alexander
1567 959 1622 984 117
1651 958 1674 984 ι,

139 1008 246 1047 altos
266 1013 430 1047 montes
452 1008 683 1059 pertingere
705 1020 836 1058 usque
858 1007 909 1045 ad
932 1006 1076 1055 nubes,
1099 1007 1274 1045 miratus
1296 1011 1370 1045 est.
1411 1006 1544 1044 Vidit-

139 1086 218 1125 que
257 1073 438 1112 excelsas
476 1072 642 1111 arbores
681 1076 898 1123 portantes
937 1084 1061 1123 poma
1100 1071 1272 1122 grandia
1312 1076 1359 1110 ut
1398 1071 1542 1110 cedrus

138 1137 340 1177 habentes
382 1143 423 1176 et
464 1137 607 1176 botros
649 1150 755 1175 uvae.
798 1149 970 1187 magnos
1013 1136 1148 1184 valde,
1193 1136 1334 1187 quales
1376 1141 1542 1187 portare
1567 1124 1712 1185 ¹35214d

139 1215 222 1242 non
255 1207 451 1254 potuerat
483 1215 590 1240 unus
624 1201 762 1240 homo.
828 1202 943 1240 Vidit
975 1207 1017 1239 et
1050 1214 1175 1240 nuces
1209 1201 1315 1239 sicut
1349 1214 1543 1252 pepones

141 1268 275 1306 Erant
310 1272 352 1306 et
388 1267 587 1306 dracones
624 1267 663 1305 in
702 1267 800 1318 ipsis
837 1266 1054 1305 arboribus
1092 1271 1133 1304 et
1170 1266 1335 1304 scimiae
1373 1265 1543 1304 multae.

143 1332 198 1371 Et
219 1337 314 1384 post
337 1344 491 1383 paucos
514 1332 599 1371 dies
623 1332 813 1371 venimus
836 1332 877 1370 in
901 1331 1117 1370 civitatem
1141 1331 1344 1370 Candacis
1366 1331 1544 1381 reginae.

249 1397 311 1435 22.
357 1397 471 1435 Exiit
494 1397 544 1435 ad
569 1410 643 1435 nos
668 1397 776 1435 foras
799 1401 972 1447 portans
995 1409 1165 1435 auream
1189 1408 1399 1444 coronam,
1423 1396 1545 1446 longa

142 1466 269 1513 atque
314 1461 456 1513 pulcra
500 1462 634 1500 nimis.
704 1462 847 1500 Visum
885 1466 948 1500 est
982 1461 1234 1510 Alexandro,
1282 1460 1392 1512 quod
1429 1461 1546 1512 quasi
1568 1473 1607 1499 20

143 1531 321 1565 matrem
348 1539 465 1565 suam
492 1527 678 1565 vidisset.
733 1527 942 1565 Palatium
970 1539 1067 1565 vero
1095 1527 1180 1564 eius
1208 1531 1297 1564 erat
1324 1526 1546 1576 optimum,

143 1596 185 1630 et
206 1591 392 1641 fulgebat
411 1596 570 1630 tectum
592 1592 719 1642 ipsius
741 1591 900 1642 palatii⁷
923 1591 1040 1642 quasi
1062 1603 1233 1630 aureum
1255 1595 1375 1629 esset.
1416 1590 1547 1629 Lecti-

146 1657 299 1695 sternia
332 1656 418 1695 eius
450 1661 569 1695 erant
602 1661 749 1695 ornata
783 1670 830 1695 ex
867 1656 1086 1707 purissimo
1120 1669 1240 1703 auro3
1277 1655 1396 1694 fialae
1430 1660 1549 1694 erant

147 1720 202 1759 ibi
234 1734 282 1760 ex
314 1720 522 1772 lapidibus
553 1721 759 1772 preciosis,
793 1721 861 1760 sed
895 1720 1142 1759 elefantinas
1173 1733 1337 1759 mensas
1368 1720 1549 1758 vidimus

147 1785 222 1834 ibi3
264 1785 443 1825 triclinia
471 1798 569 1825 vero
600 1786 728 1837 ipsius
750 1785 894 1837 palatii
916 1790 1034 1824 erant
1058 1790 1302 1824 constructa
1333 1799 1382 1824 ex
1411 1785 1548 1836 lapide
1570 1799 1608 1826 25

147 1848 396 1903 oni[c]hino;
421 1851 639 1890 columnae
665 1851 795 1902 ipsius
813 1851 964 1902 palacii
980 1855 1099 1890 erant
1115 1864 1165 1889 ex
1181 1850 1325 1889 ebeno.
1361 1850 1550 1889 Falcatos

148 1927 290 1954 currus
321 1914 378 1954 ibi
408 1915 590 1954 vidimus
622 1915 806 1967 sculptos
838 1916 878 1954 in
910 1915 1046 1967 lapide
1078 1915 1316 1966 porfiretico
1348 1927 1550 1966 apparen-

148 1984 211 2018 tes
231 1979 364 2028 nobis⁷
387 1981 505 2031 quasi
527 1985 750 2019 currerent.
790 1981 982 2019 Vidimus
1004 1980 1059 2019 ibi
1081 1985 1123 2019 et
1143 1980 1346 2019 elefantos
1368 1980 1551 2031 sculptos

242 2088 262 2121 3
316 2085 505 2130 fregentes
567 2086 671 2121 kann
734 2086 792 2121 ich
848 2086 991 2120 frcilich
1055 2087 1162 2120 sonst
1216 2086 1323 2120 nicht
1376 2085 1551 2129 helegen3

148 2132 222 2177 vgl.
271 2132 368 2168 auch
418 2133 509 2168 Sittl
550 2134 589 2168 in
626 2133 811 2168 Bursians
847 2133 1137 2169 Jahresbericht
1179 2136 1272 2168 1888
1316 2134 1354 2168 II
1395 2133 1431 2168 S.
1468 2135 1550 2169 267.

935 2189 948 2206 C

149 2209 344 2252 fregerunt
379 2209 432 2244 La
459 2209 557 2244 nach
595 2211 631 2244 M
654 2210 705 2244 Jl.
742 2231 778 2234 —
816 2213 857 2245 11
890 2210 1026 2255 petigit
1054 2211 1122 2245 Ba.

249 2261 728 2305 21.[Zi244‚20—245,2]
754 2263 864 2298 Auch
891 2263 972 2297 hier
997 2263 1083 2297 fasst
1109 2263 1187 2297 sich
1204 2263 1279 2297 Leo
1307 2262 1380 2297 viel
1406 2263 1552 2297 kurzer.

150 2308 229 2342 Vor
258 2308 369 2343 allem
399 2308 482 2344 lasst
512 2320 551 2343 er
580 2309 640 2344 die
672 2310 919 2353 Erwahnung
949 2310 1016 2344 der
1049 2310 1430 2354 Gotterwohnungen
1460 2320 1554 2353 weg,

151 2355 211 2389 die
237 2355 295 2389 III
322 2357 367 2390 24
392 2366 515 2399 genau
539 2357 769 2400 geschildert
792 2357 956 2399 werden,
981 2357 1132 2391 obwohl
1156 2367 1196 2391 er
1219 2356 1307 2391 dort
1332 2357 1403 2391 mit
1428 2356 1556 2400 Bezug

153 2402 218 2437 auf
243 2402 303 2436 die
328 2403 367 2436 in
396 2403 455 2437 III
484 2406 526 2437 21
566 2403 604 2437 in
633 2418 664 2439 ω
690 2404 926 2439 ausfuhrlich
953 2404 1222 2439 beschriebene
1250 2404 1425 2439 Hinreise
1451 2407 1553 2447 sagt:

153 2450 330 2494 criptam,
361 2459 477 2493 quam
506 2451 739 2485 monstravit
769 2451 860 2485 mihi
890 2451 1096 2485 Candaulis
1124 2453 1195 2486 etc.
1220 2472 1256 2475 —
1275 2454 1317 2487 17
1351 2450 1553 2485 dracones:

153 2506 225 2531 nur
266 2495 362 2531 noch
402 2497 441 2530 in
481 2497 589 2531 AVa
608 2498 660 2542 Sy
680 2500 733 2532 Ar
760 2498 945 2532 erwahnt.

253 2545 311 2578 22.
339 2543 396 2586 [Zi
425 2545 509 2586 245,
537 2546 694 2587 5—247‚
724 2546 785 2587 17]
813 2547 858 2580 19
881 2545 1010 2589 longa:
1041 2545 1293 2590 ὑπερμεγέθη
1319 2545 1384 2589 τὴν
1409 2544 1557 2589 ἠλικίαν

152 2590 216 2625 καὶ
253 2591 317 2635 τὴν
354 2591 512 2635 μορφὴν
556 2591 722 2636 ἡμίθεον
767 2593 926 2637 ἔχουσα.
973 2612 1009 2616 —
1040 2595 1085 2627 24
1131 2592 1196 2627 sed
1241 2594 1280 2626 et
1324 2602 1444 2626 verm.
1490 2591 1552 2625 La.

1368 2675 1416 2701 8*
