<?xml version="1.0" encoding="UTF-8"?>
<!DOCTYPE html PUBLIC "-//W3C//DTD XHTML 1.0 Transitional//EN"
    "http://www.w3.org/TR/xhtml1/DTD/xhtml1-transitional.dtd">
<html xmlns="http://www.w3.org/1999/xhtml" xml:lang="en" lang="en">
 <head>
  <title>
</title>
<meta http-equiv="Content-Type" content="text/html;charset=utf-8" />
  <meta name='ocr-system' content='tesseract 3.04.00' />
  <meta name='ocr-capabilities' content='ocr_page ocr_carea ocr_par ocr_line ocrx_word'/>
</head>
<body>
  <div class='ocr_page' id='page_1' title='image "./deralexanderroma00leoauoft_0117.png"; bbox 0 0 1778 2875; ppageno 0'>
   <div class='ocr_carea' id='block_1_1' title="bbox 720 132 976 165">
    <p class='ocr_par' dir='ltr' id='par_1_1' title="bbox 720 132 976 165">
     <span class='ocr_line' id='line_1_1' title="bbox 720 132 976 165; baseline 0.004 -1"><span class='ocrx_word' id='word_1_1' title='bbox 720 132 976 165; x_wconf 87' lang='lat'>—105—</span> 
     </span>
    </p>
   </div>
   <div class='ocr_carea' id='block_1_2' title="bbox 144 241 1727 2378">
    <p class='ocr_par' dir='ltr' id='par_1_2' title="bbox 144 241 1727 2378">
     <span class='ocr_line' id='line_1_2' title="bbox 145 241 1551 294; baseline 0 -14"><span class='ocrx_word' id='word_1_2' title='bbox 145 242 314 290; x_wconf 87' lang='lat' dir='ltr'>multos,</span> <span class='ocrx_word' id='word_1_3' title='bbox 355 254 450 280; x_wconf 88' lang='lat' dir='ltr'>cum</span> <span class='ocrx_word' id='word_1_4' title='bbox 490 241 641 294; x_wconf 89' lang='lat' dir='ltr'>quibus</span> <span class='ocrx_word' id='word_1_5' title='bbox 682 241 776 280; x_wconf 91' lang='lat' dir='ltr'>Indi</span> <span class='ocrx_word' id='word_1_6' title='bbox 814 254 998 293; x_wconf 86' lang='lat' dir='ltr'>pugnare</span> <span class='ocrx_word' id='word_1_7' title='bbox 1039 241 1147 280; x_wconf 91' lang='lat' dir='ltr'>soliti</span> <span class='ocrx_word' id='word_1_8' title='bbox 1187 246 1319 290; x_wconf 87' lang='lat' dir='ltr'>erant,</span> <span class='ocrx_word' id='word_1_9' title='bbox 1360 242 1551 281; x_wconf 85' lang='lat' dir='ltr'>exierunt</span> 
     </span>
     <span class='ocr_line' id='line_1_3' title="bbox 146 306 1550 358; baseline 0.001 -13"><span class='ocrx_word' id='word_1_10' title='bbox 146 307 223 345; x_wconf 85' lang='lat' dir='ltr'>illis</span> <span class='ocrx_word' id='word_1_11' title='bbox 254 306 435 346; x_wconf 89' lang='lat' dir='ltr'>obviam.</span> <span class='ocrx_word' id='word_1_12' title='bbox 494 306 696 346; x_wconf 87' lang='lat' dir='ltr'>Videntes</span> <span class='ocrx_word' id='word_1_13' title='bbox 725 306 974 345; x_wconf 83' lang='lat' dir='ltr'>Macedones</span> <span class='ocrx_word' id='word_1_14' title='bbox 1005 311 1133 358; x_wconf 88' lang='lat' dir='ltr'>atque</span> <span class='ocrx_word' id='word_1_15' title='bbox 1166 306 1321 355; x_wconf 90' lang='lat' dir='ltr'>Perses,</span> <span class='ocrx_word' id='word_1_16' title='bbox 1355 306 1426 358; x_wconf 90' lang='lat' dir='ltr'>qui</span> <span class='ocrx_word' id='word_1_17' title='bbox 1457 319 1550 346; x_wconf 91' lang='lat' dir='ltr'>cum</span> 
     </span>
     <span class='ocr_line' id='line_1_4' title="bbox 144 371 1552 422; baseline 0 -12"><span class='ocrx_word' id='word_1_18' title='bbox 144 371 383 410; x_wconf 87' lang='lat' dir='ltr'>Alexandro</span> <span class='ocrx_word' id='word_1_19' title='bbox 421 376 553 419; x_wconf 89' lang='lat' dir='ltr'>erant,</span> <span class='ocrx_word' id='word_1_20' title='bbox 591 371 928 422; x_wconf 77' lang='lat' dir='ltr'>preparationem</span> <span class='ocrx_word' id='word_1_21' title='bbox 966 376 1093 422; x_wconf 88' lang='lat' dir='ltr'>atque</span> <span class='ocrx_word' id='word_1_22' title='bbox 1130 371 1447 410; x_wconf 73' lang='lat' dir='ltr'>multitudinem</span> <span class='ocrx_word' id='word_1_23' title='bbox 1486 371 1552 410; x_wconf 89' lang='lat' dir='ltr'>In-</span> 
     </span>
     <span class='ocr_line' id='line_1_5' title="bbox 147 435 1552 487; baseline 0 -12"><span class='ocrx_word' id='word_1_24' title='bbox 147 436 295 475; x_wconf 85' lang='lat' dir='ltr'>dorum</span> <span class='ocrx_word' id='word_1_25' title='bbox 328 440 653 487; x_wconf 80' lang='lat' dir='ltr'>expavescentes</span> <span class='ocrx_word' id='word_1_26' title='bbox 686 435 847 474; x_wconf 90' lang='lat' dir='ltr'>turbati</span> <span class='ocrx_word' id='word_1_27' title='bbox 880 440 979 474; x_wconf 89' lang='lat' dir='ltr'>sunt</span> <span class='ocrx_word' id='word_1_28' title='bbox 1010 448 1094 474; x_wconf 89' lang='lat' dir='ltr'>non</span> <span class='ocrx_word' id='word_1_29' title='bbox 1126 440 1297 474; x_wconf 90' lang='lat' dir='ltr'>tantum</span> <span class='ocrx_word' id='word_1_30' title='bbox 1329 436 1552 487; x_wconf 90' lang='lat' dir='ltr'>plenitudi-</span> 
     </span>
     <span class='ocr_line' id='line_1_6' title="bbox 145 499 1614 551; baseline -0.001 -12"><span class='ocrx_word' id='word_1_31' title='bbox 145 514 240 540; x_wconf 92' lang='lat' dir='ltr'>nem</span> <span class='ocrx_word' id='word_1_32' title='bbox 278 500 494 539; x_wconf 90' lang='lat' dir='ltr'>hominum</span> <span class='ocrx_word' id='word_1_33' title='bbox 533 505 741 551; x_wconf 89' lang='lat' dir='ltr'>quantum</span> <span class='ocrx_word' id='word_1_34' title='bbox 779 500 973 538; x_wconf 87' lang='lat' dir='ltr'>ferarum.</span> <span class='ocrx_word' id='word_1_35' title='bbox 1049 499 1226 538; x_wconf 90' lang='lat' dir='ltr'>Ferebat</span> <span class='ocrx_word' id='word_1_36' title='bbox 1264 500 1374 539; x_wconf 92' lang='lat' dir='ltr'>enim</span> <span class='ocrx_word' id='word_1_37' title='bbox 1412 513 1550 539; x_wconf 90' lang='lat' dir='ltr'>secum</span> <span class='ocrx_word' id='word_1_38' title='bbox 1595 509 1614 535; x_wconf 80' lang='lat'>5</span> 
     </span>
     <span class='ocr_line' id='line_1_7' title="bbox 146 564 1553 615; baseline 0 -11"><span class='ocrx_word' id='word_1_39' title='bbox 146 565 382 605; x_wconf 86' lang='lat' dir='ltr'>Alexander</span> <span class='ocrx_word' id='word_1_40' title='bbox 425 569 589 604; x_wconf 85' lang='lat' dir='ltr'>statuas</span> <span class='ocrx_word' id='word_1_41' title='bbox 632 577 771 603; x_wconf 86' lang='lat' dir='ltr'>aereas</span> <span class='ocrx_word' id='word_1_42' title='bbox 815 569 856 603; x_wconf 88' lang='lat' dir='ltr'>et</span> <span class='ocrx_word' id='word_1_43' title='bbox 899 564 1107 615; x_wconf 88' lang='lat' dir='ltr'>sapienter</span> <span class='ocrx_word' id='word_1_44' title='bbox 1151 565 1338 615; x_wconf 87' lang='lat' dir='ltr'>cogitans</span> <span class='ocrx_word' id='word_1_45' title='bbox 1380 565 1553 604; x_wconf 87' lang='lat' dir='ltr'>mittens</span> 
     </span>
     <span class='ocr_line' id='line_1_8' title="bbox 148 629 1552 681; baseline 0 -12"><span class='ocrx_word' id='word_1_46' title='bbox 148 644 216 669; x_wconf 89' lang='lat' dir='ltr'>eas</span> <span class='ocrx_word' id='word_1_47' title='bbox 239 631 282 669; x_wconf 90' lang='lat' dir='ltr'>in</span> <span class='ocrx_word' id='word_1_48' title='bbox 306 631 456 681; x_wconf 90' lang='lat' dir='ltr'>ignem,</span> <span class='ocrx_word' id='word_1_49' title='bbox 482 634 531 668; x_wconf 92' lang='lat' dir='ltr'>ut</span> <span class='ocrx_word' id='word_1_50' title='bbox 555 629 807 677; x_wconf 84' lang='lat' dir='ltr'>calefierent,</span> <span class='ocrx_word' id='word_1_51' title='bbox 834 629 1071 680; x_wconf 87' lang='lat' dir='ltr'>faciensque</span> <span class='ocrx_word' id='word_1_52' title='bbox 1096 629 1408 680; x_wconf 84' lang='lat' dir='ltr'>receptaculum</span> <span class='ocrx_word' id='word_1_53' title='bbox 1434 630 1552 669; x_wconf 87' lang='lat' dir='ltr'>ferre—</span> 
     </span>
     <span class='ocr_line' id='line_1_9' title="bbox 146 694 1551 746; baseline -0.001 -12"><span class='ocrx_word' id='word_1_54' title='bbox 146 708 217 734; x_wconf 93' lang='lat' dir='ltr'>um</span> <span class='ocrx_word' id='word_1_55' title='bbox 254 695 424 746; x_wconf 88' lang='lat' dir='ltr'>ignium,</span> <span class='ocrx_word' id='word_1_56' title='bbox 463 699 511 733; x_wconf 90' lang='lat' dir='ltr'>ut</span> <span class='ocrx_word' id='word_1_57' title='bbox 549 694 774 733; x_wconf 87' lang='lat' dir='ltr'>sustineret</span> <span class='ocrx_word' id='word_1_58' title='bbox 812 707 880 732; x_wconf 89' lang='lat' dir='ltr'>eas</span> <span class='ocrx_word' id='word_1_59' title='bbox 917 698 960 732; x_wconf 91' lang='lat' dir='ltr'>et</span> <span class='ocrx_word' id='word_1_60' title='bbox 996 699 1185 744; x_wconf 81' lang='lat' dir='ltr'>portaret</span> <span class='ocrx_word' id='word_1_61' title='bbox 1209 698 1308 733; x_wconf 90' lang='lat' dir='ltr'>ante</span> <span class='ocrx_word' id='word_1_62' title='bbox 1334 694 1551 733; x_wconf 86' lang='lat' dir='ltr'>elefantos.</span> 
     </span>
     <span class='ocr_line' id='line_1_10' title="bbox 146 758 1554 809; baseline -0.001 -10"><span class='ocrx_word' id='word_1_63' title='bbox 146 760 346 799; x_wconf 87' lang='lat' dir='ltr'>Videntes</span> <span class='ocrx_word' id='word_1_64' title='bbox 369 763 511 798; x_wconf 90' lang='lat' dir='ltr'>autem</span> <span class='ocrx_word' id='word_1_65' title='bbox 534 758 704 798; x_wconf 88' lang='lat' dir='ltr'>elefanti</span> <span class='ocrx_word' id='word_1_66' title='bbox 728 759 1021 809; x_wconf 86' lang='lat' dir='ltr'>cogitaverunt</span> <span class='ocrx_word' id='word_1_67' title='bbox 1044 771 1130 798; x_wconf 87' lang='lat' dir='ltr'>esse</span> <span class='ocrx_word' id='word_1_68' title='bbox 1153 758 1356 807; x_wconf 86' lang='lat' dir='ltr'>homines,</span> <span class='ocrx_word' id='word_1_69' title='bbox 1381 759 1554 798; x_wconf 89' lang='lat' dir='ltr'>tenden-</span> 
     </span>
     <span class='ocr_line' id='line_1_11' title="bbox 146 823 1614 875; baseline 0 -12"><span class='ocrx_word' id='word_1_70' title='bbox 146 829 209 863; x_wconf 88' lang='lat' dir='ltr'>tes</span> <span class='ocrx_word' id='word_1_71' title='bbox 238 829 373 863; x_wconf 89' lang='lat' dir='ltr'>rostra</span> <span class='ocrx_word' id='word_1_72' title='bbox 404 837 478 863; x_wconf 89' lang='lat' dir='ltr'>sua</span> <span class='ocrx_word' id='word_1_73' title='bbox 509 823 737 862; x_wconf 86' lang='lat' dir='ltr'>secundum</span> <span class='ocrx_word' id='word_1_74' title='bbox 770 823 1128 872; x_wconf 82' lang='lat' dir='ltr'>consuetudinem,</span> <span class='ocrx_word' id='word_1_75' title='bbox 1164 829 1210 862; x_wconf 91' lang='lat' dir='ltr'>ut</span> <span class='ocrx_word' id='word_1_76' title='bbox 1241 829 1438 875; x_wconf 86' lang='lat' dir='ltr'>caperent</span> <span class='ocrx_word' id='word_1_77' title='bbox 1469 837 1550 873; x_wconf 87' lang='lat' dir='ltr'>eos,</span> <span class='ocrx_word' id='word_1_78' title='bbox 1579 832 1614 858; x_wconf 87' lang='grc'>10</span> 
     </span>
     <span class='ocr_line' id='line_1_12' title="bbox 145 888 1721 940; baseline -0.001 -12"><span class='ocrx_word' id='word_1_79' title='bbox 145 889 347 940; x_wconf 91' lang='lat' dir='ltr'>prenimio</span> <span class='ocrx_word' id='word_1_80' title='bbox 377 888 508 928; x_wconf 89' lang='lat' dir='ltr'>calore</span> <span class='ocrx_word' id='word_1_81' title='bbox 537 888 693 927; x_wconf 89' lang='lat' dir='ltr'>incensi</span> <span class='ocrx_word' id='word_1_82' title='bbox 721 893 832 937; x_wconf 88' lang='lat' dir='ltr'>sunt,</span> <span class='ocrx_word' id='word_1_83' title='bbox 861 888 1083 927; x_wconf 82' lang='lat' dir='ltr'>redeuntes</span> <span class='ocrx_word' id='word_1_84' title='bbox 1111 893 1221 927; x_wconf 87' lang='lat' dir='ltr'>retro</span> <span class='ocrx_word' id='word_1_85' title='bbox 1250 888 1550 928; x_wconf 88' lang='lat' dir='ltr'>moriebantur.</span> <span class='ocrx_word' id='word_1_86' title='bbox 1580 898 1602 922; x_wconf 71' lang='grc' dir='ltr'>Β</span> <span class='ocrx_word' id='word_1_87' title='bbox 1629 897 1683 923; x_wconf 84' lang='grc'>211</span> <span class='ocrx_word' id='word_1_88' title='bbox 1703 898 1721 923; x_wconf 78' lang='lat' dir='ltr'>d</span> 
     </span>
     <span class='ocr_line' id='line_1_13' title="bbox 146 953 1554 1005; baseline 0 -13"><span class='ocrx_word' id='word_1_89' title='bbox 146 954 262 993; x_wconf 90' lang='lat' dir='ltr'>Aliae</span> <span class='ocrx_word' id='word_1_90' title='bbox 303 966 401 992; x_wconf 89' lang='lat' dir='ltr'>vero</span> <span class='ocrx_word' id='word_1_91' title='bbox 452 953 701 992; x_wconf 81' lang='lat' dir='ltr'>exturbatae</span> <span class='ocrx_word' id='word_1_92' title='bbox 752 953 993 992; x_wconf 88' lang='lat' dir='ltr'>nullomodo</span> <span class='ocrx_word' id='word_1_93' title='bbox 1046 953 1276 1004; x_wconf 84' lang='lat' dir='ltr'>pergebant</span> <span class='ocrx_word' id='word_1_94' title='bbox 1328 954 1554 1005; x_wconf 87' lang='lat' dir='ltr'>pugnaturi</span> 
     </span>
     <span class='ocr_line' id='line_1_14' title="bbox 148 1018 1553 1070; baseline -0.001 -13"><span class='ocrx_word' id='word_1_95' title='bbox 148 1032 269 1070; x_wconf 88' lang='lat' dir='ltr'>super</span> <span class='ocrx_word' id='word_1_96' title='bbox 293 1018 494 1057; x_wconf 66' lang='lat' dir='ltr'>homines</span> <span class='ocrx_word' id='word_1_97' title='bbox 541 1018 697 1057; x_wconf 90' lang='lat' dir='ltr'>Videns</span> <span class='ocrx_word' id='word_1_98' title='bbox 721 1023 863 1057; x_wconf 87' lang='lat' dir='ltr'>autem</span> <span class='ocrx_word' id='word_1_99' title='bbox 890 1018 1032 1067; x_wconf 86' lang='lat' dir='ltr'>Porus,</span> <span class='ocrx_word' id='word_1_100' title='bbox 1059 1018 1171 1069; x_wconf 90' lang='lat' dir='ltr'>quod</span> <span class='ocrx_word' id='word_1_101' title='bbox 1197 1018 1247 1057; x_wconf 89' lang='lat' dir='ltr'>de</span> <span class='ocrx_word' id='word_1_102' title='bbox 1274 1018 1368 1057; x_wconf 81' lang='lat' dir='ltr'>feris</span> <span class='ocrx_word' id='word_1_103' title='bbox 1394 1019 1553 1058; x_wconf 89' lang='lat' dir='ltr'>factum</span> 
     </span>
     <span class='ocr_line' id='line_1_15' title="bbox 147 1082 1554 1134; baseline 0 -12"><span class='ocrx_word' id='word_1_104' title='bbox 147 1089 222 1132; x_wconf 89' lang='lat' dir='ltr'>est,</span> <span class='ocrx_word' id='word_1_105' title='bbox 260 1083 456 1122; x_wconf 90' lang='lat' dir='ltr'>turbatus</span> <span class='ocrx_word' id='word_1_106' title='bbox 493 1088 555 1122; x_wconf 86' lang='lat' dir='ltr'>est</span> <span class='ocrx_word' id='word_1_107' title='bbox 591 1082 726 1122; x_wconf 84' lang='lat' dir='ltr'>valde.</span> <span class='ocrx_word' id='word_1_108' title='bbox 800 1083 941 1122; x_wconf 87' lang='lat' dir='ltr'>Perses</span> <span class='ocrx_word' id='word_1_109' title='bbox 978 1096 1075 1121; x_wconf 82' lang='lat' dir='ltr'>vero</span> <span class='ocrx_word' id='word_1_110' title='bbox 1112 1083 1317 1134; x_wconf 88' lang='lat' dir='ltr'>impetum</span> <span class='ocrx_word' id='word_1_111' title='bbox 1355 1084 1554 1122; x_wconf 82' lang='lat' dir='ltr'>facientes</span> 
     </span>
     <span class='ocr_line' id='line_1_16' title="bbox 148 1148 1616 1200; baseline -0.001 -13"><span class='ocrx_word' id='word_1_112' title='bbox 148 1161 268 1199; x_wconf 90' lang='lat' dir='ltr'>super</span> <span class='ocrx_word' id='word_1_113' title='bbox 293 1148 417 1187; x_wconf 90' lang='lat' dir='ltr'>Indos</span> <span class='ocrx_word' id='word_1_114' title='bbox 440 1160 534 1187; x_wconf 90' lang='lat' dir='ltr'>cum</span> <span class='ocrx_word' id='word_1_115' title='bbox 557 1148 721 1198; x_wconf 85' lang='lat' dir='ltr'>sagittis</span> <span class='ocrx_word' id='word_1_116' title='bbox 742 1152 784 1186; x_wconf 86' lang='lat' dir='ltr'>et</span> <span class='ocrx_word' id='word_1_117' title='bbox 805 1148 957 1187; x_wconf 86' lang='lat' dir='ltr'>lancois</span> <span class='ocrx_word' id='word_1_118' title='bbox 980 1148 1233 1199; x_wconf 85' lang='lat' dir='ltr'>fugaverunt</span> <span class='ocrx_word' id='word_1_119' title='bbox 1255 1161 1337 1197; x_wconf 83' lang='grc'>908,</span> <span class='ocrx_word' id='word_1_120' title='bbox 1361 1149 1554 1200; x_wconf 89' lang='lat' dir='ltr'>quamvis</span> <span class='ocrx_word' id='word_1_121' title='bbox 1583 1157 1616 1183; x_wconf 84' lang='lat'>15</span> 
     </span>
     <span class='ocr_line' id='line_1_17' title="bbox 147 1212 1555 1263; baseline 0 -12"><span class='ocrx_word' id='word_1_122' title='bbox 147 1227 196 1251; x_wconf 84' lang='lat' dir='ltr'>ex</span> <span class='ocrx_word' id='word_1_123' title='bbox 216 1212 278 1251; x_wconf 92' lang='lat' dir='ltr'>his</span> <span class='ocrx_word' id='word_1_124' title='bbox 296 1217 337 1252; x_wconf 90' lang='lat' dir='ltr'>et</span> <span class='ocrx_word' id='word_1_125' title='bbox 356 1213 433 1251; x_wconf 82' lang='lat' dir='ltr'>illis</span> <span class='ocrx_word' id='word_1_126' title='bbox 452 1213 637 1251; x_wconf 82' lang='lat' dir='ltr'>maxima</span> <span class='ocrx_word' id='word_1_127' title='bbox 656 1218 814 1263; x_wconf 80' lang='lat' dir='ltr'>strages</span> <span class='ocrx_word' id='word_1_128' title='bbox 833 1212 1051 1251; x_wconf 88' lang='lat' dir='ltr'>hominum</span> <span class='ocrx_word' id='word_1_129' title='bbox 1072 1213 1184 1252; x_wconf 89' lang='lat' dir='ltr'>facta</span> <span class='ocrx_word' id='word_1_130' title='bbox 1204 1213 1359 1252; x_wconf 83' lang='lat' dir='ltr'>fuisset.</span> <span class='ocrx_word' id='word_1_131' title='bbox 1400 1213 1555 1252; x_wconf 76' lang='lat' dir='ltr'>Videns</span> 
     </span>
     <span class='ocr_line' id='line_1_18' title="bbox 147 1277 1554 1326; baseline 0.001 -10"><span class='ocrx_word' id='word_1_132' title='bbox 147 1282 288 1317; x_wconf 89' lang='lat' dir='ltr'>autem</span> <span class='ocrx_word' id='word_1_133' title='bbox 327 1277 562 1316; x_wconf 82' lang='lat' dir='ltr'>Alexander</span> <span class='ocrx_word' id='word_1_134' title='bbox 602 1278 733 1317; x_wconf 86' lang='lat' dir='ltr'>iratus</span> <span class='ocrx_word' id='word_1_135' title='bbox 773 1283 848 1326; x_wconf 88' lang='lat' dir='ltr'>est,</span> <span class='ocrx_word' id='word_1_136' title='bbox 890 1278 1036 1317; x_wconf 82' lang='lat' dir='ltr'>sedens</span> <span class='ocrx_word' id='word_1_137' title='bbox 1075 1277 1285 1317; x_wconf 89' lang='lat' dir='ltr'>caballum</span> <span class='ocrx_word' id='word_1_138' title='bbox 1327 1277 1554 1317; x_wconf 79' lang='lat' dir='ltr'>Buccfalon</span> 
     </span>
     <span class='ocr_line' id='line_1_19' title="bbox 146 1343 1555 1394; baseline 0.001 -13"><span class='ocrx_word' id='word_1_139' title='bbox 146 1343 351 1393; x_wconf 89' lang='lat' dir='ltr'>ingressus</span> <span class='ocrx_word' id='word_1_140' title='bbox 379 1347 442 1382; x_wconf 90' lang='lat' dir='ltr'>est</span> <span class='ocrx_word' id='word_1_141' title='bbox 468 1355 666 1394; x_wconf 86' lang='lat' dir='ltr'>pugnam,</span> <span class='ocrx_word' id='word_1_142' title='bbox 696 1343 918 1394; x_wconf 81' lang='lat' dir='ltr'>proeliavit</span> <span class='ocrx_word' id='word_1_143' title='bbox 947 1343 1123 1391; x_wconf 85' lang='lat' dir='ltr'>fortiter,</span> <span class='ocrx_word' id='word_1_144' title='bbox 1154 1343 1253 1394; x_wconf 88' lang='lat' dir='ltr'>quin</span> <span class='ocrx_word' id='word_1_145' title='bbox 1283 1343 1411 1382; x_wconf 88' lang='lat' dir='ltr'>etiam</span> <span class='ocrx_word' id='word_1_146' title='bbox 1439 1343 1555 1382; x_wconf 91' lang='lat' dir='ltr'>adiu-</span> 
     </span>
     <span class='ocr_line' id='line_1_20' title="bbox 146 1407 1556 1459; baseline 0 -13"><span class='ocrx_word' id='word_1_147' title='bbox 146 1420 250 1446; x_wconf 80' lang='lat' dir='ltr'>vans</span> <span class='ocrx_word' id='word_1_148' title='bbox 287 1420 381 1446; x_wconf 90' lang='lat' dir='ltr'>eum</span> <span class='ocrx_word' id='word_1_149' title='bbox 418 1420 501 1446; x_wconf 91' lang='lat' dir='ltr'>non</span> <span class='ocrx_word' id='word_1_150' title='bbox 539 1407 700 1446; x_wconf 89' lang='lat' dir='ltr'>modice</span> <span class='ocrx_word' id='word_1_151' title='bbox 738 1408 823 1458; x_wconf 86' lang='lat' dir='ltr'>ipse</span> <span class='ocrx_word' id='word_1_152' title='bbox 862 1408 1059 1446; x_wconf 86' lang='lat' dir='ltr'>caballus.</span> <span class='ocrx_word' id='word_1_153' title='bbox 1135 1408 1190 1446; x_wconf 89' lang='lat' dir='ltr'>Et</span> <span class='ocrx_word' id='word_1_154' title='bbox 1229 1421 1298 1459; x_wconf 76' lang='lat' dir='ltr'>per</span> <span class='ocrx_word' id='word_1_155' title='bbox 1336 1408 1556 1446; x_wconf 72' lang='lat' dir='ltr'>continuos</span> 
     </span>
     <span class='ocr_line' id='line_1_21' title="bbox 148 1472 1617 1523; baseline 0.002 -14"><span class='ocrx_word' id='word_1_156' title='bbox 148 1472 297 1523; x_wconf 83' lang='lat' dir='ltr'>viginti</span> <span class='ocrx_word' id='word_1_157' title='bbox 333 1472 418 1511; x_wconf 85' lang='lat' dir='ltr'>dies</span> <span class='ocrx_word' id='word_1_158' title='bbox 454 1472 701 1523; x_wconf 88' lang='lat' dir='ltr'>pugnabant</span> <span class='ocrx_word' id='word_1_159' title='bbox 738 1473 844 1511; x_wconf 90' lang='lat' dir='ltr'>inter</span> <span class='ocrx_word' id='word_1_160' title='bbox 881 1486 934 1511; x_wconf 85' lang='lat' dir='ltr'>se.</span> <span class='ocrx_word' id='word_1_161' title='bbox 1578 1476 1617 1501; x_wconf 81' lang='lat'>20</span> 
     </span>
     <span class='ocr_line' id='line_1_22' title="bbox 258 1549 1682 1600; baseline 0.001 -13"><span class='ocrx_word' id='word_1_162' title='bbox 258 1549 291 1587; x_wconf 63' lang='lat' dir='ltr'>fi.</span> <span class='ocrx_word' id='word_1_163' title='bbox 327 1549 482 1587; x_wconf 84' lang='lat' dir='ltr'>Videns</span> <span class='ocrx_word' id='word_1_164' title='bbox 518 1554 659 1588; x_wconf 85' lang='lat' dir='ltr'>autern</span> <span class='ocrx_word' id='word_1_165' title='bbox 696 1549 945 1597; x_wconf 73' lang='lat' dir='ltr'>Alexander,</span> <span class='ocrx_word' id='word_1_166' title='bbox 983 1550 1080 1600; x_wconf 85' lang='lat' dir='ltr'>quia</span> <span class='ocrx_word' id='word_1_167' title='bbox 1117 1549 1325 1588; x_wconf 79' lang='lat' dir='ltr'>defecerat</span> <span class='ocrx_word' id='word_1_168' title='bbox 1362 1549 1553 1600; x_wconf 81' lang='lat' dir='ltr'>populuS,</span> <span class='ocrx_word' id='word_1_169' title='bbox 1585 1558 1682 1584; x_wconf 82' lang='lat' dir='ltr'>106L</span> 
     </span>
     <span class='ocr_line' id='line_1_23' title="bbox 149 1613 1555 1664; baseline 0 -12"><span class='ocrx_word' id='word_1_170' title='bbox 149 1614 267 1652; x_wconf 88' lang='lat' dir='ltr'>stetit</span> <span class='ocrx_word' id='word_1_171' title='bbox 299 1613 407 1652; x_wconf 90' lang='lat' dir='ltr'>solus</span> <span class='ocrx_word' id='word_1_172' title='bbox 439 1619 536 1653; x_wconf 82' lang='lat' dir='ltr'>ante</span> <span class='ocrx_word' id='word_1_173' title='bbox 569 1613 732 1652; x_wconf 89' lang='lat' dir='ltr'>hostem</span> <span class='ocrx_word' id='word_1_174' title='bbox 765 1619 806 1652; x_wconf 77' lang='lat' dir='ltr'>ot</span> <span class='ocrx_word' id='word_1_175' title='bbox 838 1614 1002 1653; x_wconf 82' lang='lat' dir='ltr'>locutus</span> <span class='ocrx_word' id='word_1_176' title='bbox 1033 1619 1095 1652; x_wconf 78' lang='lat' dir='ltr'>est</span> <span class='ocrx_word' id='word_1_177' title='bbox 1130 1614 1235 1653; x_wconf 87' lang='lat' dir='ltr'>Poro</span> <span class='ocrx_word' id='word_1_178' title='bbox 1267 1615 1370 1664; x_wconf 86' lang='lat' dir='ltr'>regi:</span> <span class='ocrx_word' id='word_1_179' title='bbox 1434 1615 1555 1662; x_wconf 90' lang='lat' dir='ltr'>„Non</span> 
     </span>
     <span class='ocr_line' id='line_1_24' title="bbox 149 1678 1557 1730; baseline 0 -13"><span class='ocrx_word' id='word_1_180' title='bbox 149 1678 267 1717; x_wconf 86' lang='lat' dir='ltr'>decet</span> <span class='ocrx_word' id='word_1_181' title='bbox 296 1679 537 1729; x_wconf 84' lang='lat' dir='ltr'>imperatori</span> <span class='ocrx_word' id='word_1_182' title='bbox 567 1679 622 1717; x_wconf 84' lang='lat' dir='ltr'>sic</span> <span class='ocrx_word' id='word_1_183' title='bbox 653 1679 692 1717; x_wconf 90' lang='lat' dir='ltr'>in</span> <span class='ocrx_word' id='word_1_184' title='bbox 724 1692 905 1717; x_wconf 78' lang='lat' dir='ltr'>vacuum</span> <span class='ocrx_word' id='word_1_185' title='bbox 935 1679 1104 1730; x_wconf 80' lang='lat' dir='ltr'>perdere</span> <span class='ocrx_word' id='word_1_186' title='bbox 1136 1679 1396 1718; x_wconf 85' lang='lat' dir='ltr'>victorialem</span> <span class='ocrx_word' id='word_1_187' title='bbox 1427 1692 1557 1730; x_wconf 87' lang='lat' dir='ltr'>popu-</span> 
     </span>
     <span class='ocr_line' id='line_1_25' title="bbox 148 1743 1558 1795; baseline 0.001 -14"><span class='ocrx_word' id='word_1_188' title='bbox 148 1743 234 1781; x_wconf 92' lang='lat' dir='ltr'>lum</span> <span class='ocrx_word' id='word_1_189' title='bbox 265 1755 398 1791; x_wconf 88' lang='lat' dir='ltr'>suum,</span> <span class='ocrx_word' id='word_1_190' title='bbox 431 1743 501 1782; x_wconf 86' lang='lat' dir='ltr'>sed</span> <span class='ocrx_word' id='word_1_191' title='bbox 534 1748 714 1794; x_wconf 90' lang='lat' dir='ltr'>oportet,</span> <span class='ocrx_word' id='word_1_192' title='bbox 747 1748 794 1782; x_wconf 93' lang='lat' dir='ltr'>ut</span> <span class='ocrx_word' id='word_1_193' title='bbox 825 1757 896 1795; x_wconf 89' lang='lat' dir='ltr'>per</span> <span class='ocrx_word' id='word_1_194' title='bbox 927 1749 1059 1782; x_wconf 75' lang='lat' dir='ltr'>semet</span> <span class='ocrx_word' id='word_1_195' title='bbox 1089 1745 1226 1794; x_wconf 85' lang='lat' dir='ltr'>ipsum</span> <span class='ocrx_word' id='word_1_196' title='bbox 1256 1757 1329 1783; x_wconf 79' lang='lat' dir='ltr'>rex</span> <span class='ocrx_word' id='word_1_197' title='bbox 1361 1744 1558 1783; x_wconf 83' lang='lat' dir='ltr'>ostendat</span> 
     </span>
     <span class='ocr_line' id='line_1_26' title="bbox 148 1807 1614 1860; baseline 0.001 -14"><span class='ocrx_word' id='word_1_198' title='bbox 148 1807 348 1847; x_wconf 87' lang='lat' dir='ltr'>virtutem</span> <span class='ocrx_word' id='word_1_199' title='bbox 379 1821 510 1847; x_wconf 89' lang='lat' dir='ltr'>suam.</span> <span class='ocrx_word' id='word_1_200' title='bbox 572 1808 663 1847; x_wconf 86' lang='lat' dir='ltr'>Stet</span> <span class='ocrx_word' id='word_1_201' title='bbox 694 1808 874 1860; x_wconf 79' lang='lat' dir='ltr'>populus</span> <span class='ocrx_word' id='word_1_202' title='bbox 906 1814 1001 1848; x_wconf 87' lang='lat' dir='ltr'>tuus</span> <span class='ocrx_word' id='word_1_203' title='bbox 1032 1809 1071 1847; x_wconf 91' lang='lat' dir='ltr'>in</span> <span class='ocrx_word' id='word_1_204' title='bbox 1104 1822 1187 1847; x_wconf 91' lang='lat' dir='ltr'>una</span> <span class='ocrx_word' id='word_1_205' title='bbox 1218 1814 1336 1859; x_wconf 85' lang='lat' dir='ltr'>parte</span> <span class='ocrx_word' id='word_1_206' title='bbox 1367 1814 1409 1847; x_wconf 89' lang='lat' dir='ltr'>ct</span> <span class='ocrx_word' id='word_1_207' title='bbox 1438 1821 1555 1848; x_wconf 84' lang='lat' dir='ltr'>meus</span> <span class='ocrx_word' id='word_1_208' title='bbox 1577 1819 1614 1844; x_wconf 74' lang='lat'>25</span> 
     </span>
     <span class='ocr_line' id='line_1_27' title="bbox 149 1872 1556 1924; baseline 0.001 -14"><span class='ocrx_word' id='word_1_209' title='bbox 149 1872 353 1921; x_wconf 86' lang='lat' dir='ltr'>similiter;</span> <span class='ocrx_word' id='word_1_210' title='bbox 385 1886 458 1923; x_wconf 80' lang='lat' dir='ltr'>ego</span> <span class='ocrx_word' id='word_1_211' title='bbox 490 1878 531 1912; x_wconf 86' lang='lat' dir='ltr'>et</span> <span class='ocrx_word' id='word_1_212' title='bbox 562 1878 608 1912; x_wconf 91' lang='lat' dir='ltr'>tu</span> <span class='ocrx_word' id='word_1_213' title='bbox 640 1873 812 1912; x_wconf 79' lang='lat' dir='ltr'>solitarii</span> <span class='ocrx_word' id='word_1_214' title='bbox 844 1886 1077 1924; x_wconf 88' lang='lat' dir='ltr'>pugnemus</span> <span class='ocrx_word' id='word_1_215' title='bbox 1107 1886 1236 1912; x_wconf 88' lang='lat' dir='ltr'>manu</span> <span class='ocrx_word' id='word_1_216' title='bbox 1277 1874 1328 1912; x_wconf 92' lang='lat' dir='ltr'>ad</span> <span class='ocrx_word' id='word_1_217' title='bbox 1371 1885 1556 1912; x_wconf 90' lang='lat' dir='ltr'>manum.</span> 
     </span>
     <span class='ocr_line' id='line_1_28' title="bbox 155 1937 1557 1990; baseline 0.001 -15"><span class='ocrx_word' id='word_1_218' title='bbox 155 1937 275 1988; x_wconf 86' lang='lat' dir='ltr'>Quod</span> <span class='ocrx_word' id='word_1_219' title='bbox 296 1938 328 1976; x_wconf 89' lang='lat' dir='ltr'>si</span> <span class='ocrx_word' id='word_1_220' title='bbox 346 1950 410 1976; x_wconf 86' lang='lat' dir='ltr'>me</span> <span class='ocrx_word' id='word_1_221' title='bbox 430 1938 641 1986; x_wconf 88' lang='lat' dir='ltr'>occideris,</span> <span class='ocrx_word' id='word_1_222' title='bbox 662 1938 840 1989; x_wconf 88' lang='lat' dir='ltr'>populus</span> <span class='ocrx_word' id='word_1_223' title='bbox 858 1952 976 1977; x_wconf 89' lang='lat' dir='ltr'>meus</span> <span class='ocrx_word' id='word_1_224' title='bbox 995 1939 1048 1977; x_wconf 81' lang='lat' dir='ltr'>sit</span> <span class='ocrx_word' id='word_1_225' title='bbox 1066 1943 1183 1987; x_wconf 86' lang='lat' dir='ltr'>tuus;</span> <span class='ocrx_word' id='word_1_226' title='bbox 1204 1939 1316 1990; x_wconf 76' lang='lat' dir='ltr'>quod</span> <span class='ocrx_word' id='word_1_227' title='bbox 1336 1939 1368 1977; x_wconf 89' lang='lat' dir='ltr'>si</span> <span class='ocrx_word' id='word_1_228' title='bbox 1387 1943 1557 1978; x_wconf 87' lang='lat' dir='ltr'>econtra</span> 
     </span>
     <span class='ocr_line' id='line_1_29' title="bbox 147 2001 1555 2054; baseline 0.001 -14"><span class='ocrx_word' id='word_1_229' title='bbox 147 2003 189 2040; x_wconf 91' lang='lat' dir='ltr'>in</span> <span class='ocrx_word' id='word_1_230' title='bbox 214 2001 406 2041; x_wconf 87' lang='lat' dir='ltr'>manibus</span> <span class='ocrx_word' id='word_1_231' title='bbox 430 2003 532 2041; x_wconf 88' lang='lat' dir='ltr'>meis</span> <span class='ocrx_word' id='word_1_232' title='bbox 556 2003 765 2051; x_wconf 76' lang='lat' dir='ltr'>defeceris,</span> <span class='ocrx_word' id='word_1_233' title='bbox 791 2003 970 2054; x_wconf 88' lang='lat' dir='ltr'>populus</span> <span class='ocrx_word' id='word_1_234' title='bbox 995 2009 1092 2042; x_wconf 88' lang='lat' dir='ltr'>tuus</span> <span class='ocrx_word' id='word_1_235' title='bbox 1117 2008 1386 2054; x_wconf 87' lang='lat' dir='ltr'>computetur</span> <span class='ocrx_word' id='word_1_236' title='bbox 1410 2002 1555 2042; x_wconf 51' lang='lat' dir='ltr'>mihist</span> 
     </span>
     <span class='ocr_line' id='line_1_30' title="bbox 256 2067 1557 2118; baseline 0.002 -13"><span class='ocrx_word' id='word_1_237' title='bbox 256 2067 441 2106; x_wconf 87' lang='lat' dir='ltr'>Audiens</span> <span class='ocrx_word' id='word_1_238' title='bbox 466 2067 568 2106; x_wconf 89' lang='lat' dir='ltr'>haec</span> <span class='ocrx_word' id='word_1_239' title='bbox 596 2068 724 2107; x_wconf 88' lang='lat' dir='ltr'>Porus</span> <span class='ocrx_word' id='word_1_240' title='bbox 750 2069 918 2118; x_wconf 79' lang='lat' dir='ltr'>gavisus</span> <span class='ocrx_word' id='word_1_241' title='bbox 943 2073 1006 2107; x_wconf 87' lang='lat' dir='ltr'>est</span> <span class='ocrx_word' id='word_1_242' title='bbox 1031 2073 1073 2107; x_wconf 89' lang='lat' dir='ltr'>et</span> <span class='ocrx_word' id='word_1_243' title='bbox 1099 2068 1290 2118; x_wconf 87' lang='lat' dir='ltr'>promisit</span> <span class='ocrx_word' id='word_1_244' title='bbox 1316 2081 1356 2107; x_wconf 90' lang='lat' dir='ltr'>se</span> <span class='ocrx_word' id='word_1_245' title='bbox 1383 2069 1442 2107; x_wconf 84' lang='lat' dir='ltr'>ita</span> <span class='ocrx_word' id='word_1_246' title='bbox 1468 2081 1557 2107; x_wconf 82' lang='lat' dir='ltr'>esse</span> 
     </span>
     <span class='ocr_line' id='line_1_31' title="bbox 149 2132 1727 2184; baseline 0.001 -15"><span class='ocrx_word' id='word_1_247' title='bbox 149 2132 372 2179; x_wconf 82' lang='lat' dir='ltr'>facturum,</span> <span class='ocrx_word' id='word_1_248' title='bbox 418 2133 634 2183; x_wconf 85' lang='lat' dir='ltr'>indignum</span> <span class='ocrx_word' id='word_1_249' title='bbox 679 2133 834 2172; x_wconf 84' lang='lat' dir='ltr'>ducens</span> <span class='ocrx_word' id='word_1_250' title='bbox 879 2145 1026 2184; x_wconf 91' lang='lat' dir='ltr'>corpus</span> <span class='ocrx_word' id='word_1_251' title='bbox 1056 2133 1296 2181; x_wconf 84' lang='lat' dir='ltr'>Alexandri,</span> <span class='ocrx_word' id='word_1_252' title='bbox 1343 2133 1557 2172; x_wconf 82' lang='lat' dir='ltr'>confidens</span> <span class='ocrx_word' id='word_1_253' title='bbox 1585 2137 1607 2162; x_wconf 77' lang='grc' dir='ltr'>Β</span> <span class='ocrx_word' id='word_1_254' title='bbox 1634 2136 1727 2162; x_wconf 62' lang='lat'>2122</span> 
     </span>
     <span class='ocr_line' id='line_1_32' title="bbox 148 2196 1559 2249; baseline 0.001 -15"><span class='ocrx_word' id='word_1_255' title='bbox 148 2196 190 2234; x_wconf 90' lang='lat' dir='ltr'>in</span> <span class='ocrx_word' id='word_1_256' title='bbox 222 2196 443 2235; x_wconf 89' lang='lat' dir='ltr'>altitudine</span> <span class='ocrx_word' id='word_1_257' title='bbox 476 2210 569 2245; x_wconf 79' lang='lat' dir='ltr'>sua3</span> <span class='ocrx_word' id='word_1_258' title='bbox 602 2197 761 2236; x_wconf 86' lang='lat' dir='ltr'>habens</span> <span class='ocrx_word' id='word_1_259' title='bbox 792 2200 903 2236; x_wconf 86' lang='lat' dir='ltr'>enim</span> <span class='ocrx_word' id='word_1_260' title='bbox 937 2197 1079 2237; x_wconf 85' lang='lat' dir='ltr'>cubita</span> <span class='ocrx_word' id='word_1_261' title='bbox 1112 2198 1297 2249; x_wconf 84' lang='lat' dir='ltr'>quinque</span> <span class='ocrx_word' id='word_1_262' title='bbox 1329 2198 1559 2249; x_wconf 79' lang='lat' dir='ltr'>despiciens</span> 
     </span>
     <span class='ocr_line' id='line_1_33' title="bbox 148 2261 1559 2313; baseline 0.001 -14"><span class='ocrx_word' id='word_1_263' title='bbox 148 2261 448 2310; x_wconf 76' lang='lat' dir='ltr'>Alexandrum,</span> <span class='ocrx_word' id='word_1_264' title='bbox 474 2263 572 2313; x_wconf 86' lang='lat' dir='ltr'>quia</span> <span class='ocrx_word' id='word_1_265' title='bbox 595 2262 782 2301; x_wconf 89' lang='lat' dir='ltr'>habebat</span> <span class='ocrx_word' id='word_1_266' title='bbox 802 2263 843 2301; x_wconf 93' lang='lat' dir='ltr'>in</span> <span class='ocrx_word' id='word_1_267' title='bbox 865 2263 1089 2302; x_wconf 89' lang='lat' dir='ltr'>altitudine</span> <span class='ocrx_word' id='word_1_268' title='bbox 1114 2262 1258 2302; x_wconf 89' lang='lat' dir='ltr'>cubita</span> <span class='ocrx_word' id='word_1_269' title='bbox 1281 2263 1375 2301; x_wconf 84' lang='lat' dir='ltr'>tria.</span> <span class='ocrx_word' id='word_1_270' title='bbox 1436 2262 1559 2301; x_wconf 84' lang='lat' dir='ltr'>Rece-</span> 
     </span>
     <span class='ocr_line' id='line_1_34' title="bbox 152 2325 1559 2378; baseline 0.001 -14"><span class='ocrx_word' id='word_1_271' title='bbox 152 2325 276 2364; x_wconf 89' lang='lat' dir='ltr'>dente</span> <span class='ocrx_word' id='word_1_272' title='bbox 302 2338 398 2364; x_wconf 88' lang='lat' dir='ltr'>vero</span> <span class='ocrx_word' id='word_1_273' title='bbox 424 2331 465 2365; x_wconf 89' lang='lat' dir='ltr'>et</span> <span class='ocrx_word' id='word_1_274' title='bbox 490 2331 629 2366; x_wconf 88' lang='lat' dir='ltr'>stante</span> <span class='ocrx_word' id='word_1_275' title='bbox 654 2327 694 2366; x_wconf 93' lang='lat' dir='ltr'>in</span> <span class='ocrx_word' id='word_1_276' title='bbox 720 2340 792 2366; x_wconf 89' lang='lat' dir='ltr'>suo</span> <span class='ocrx_word' id='word_1_277' title='bbox 818 2327 960 2366; x_wconf 90' lang='lat' dir='ltr'>ordine</span> <span class='ocrx_word' id='word_1_278' title='bbox 986 2332 1164 2378; x_wconf 81' lang='lat' dir='ltr'>utroque</span> <span class='ocrx_word' id='word_1_279' title='bbox 1189 2326 1300 2366; x_wconf 88' lang='lat' dir='ltr'>hosti</span> <span class='ocrx_word' id='word_1_280' title='bbox 1324 2332 1559 2378; x_wconf 89' lang='lat' dir='ltr'>pugnatum</span> 
     </span>
    </p>
   </div>
   <div class='ocr_carea' id='block_1_3' title="bbox 185 2411 358 2413">
    <p class='ocr_par' dir='ltr' id='par_1_3' title="bbox 185 2411 358 2413">
     <span class='ocr_line' id='line_1_35' title="bbox 185 2411 358 2413; baseline 0 0"><span class='ocrx_word' id='word_1_281' title='bbox 185 2411 358 2413; x_wconf 95' lang='lat' dir='ltr'> </span> 
     </span>
    </p>
   </div>
   <div class='ocr_carea' id='block_1_4' title="bbox 149 2454 1558 2632">
    <p class='ocr_par' dir='ltr' id='par_1_4' title="bbox 149 2454 1556 2548">
     <span class='ocr_line' id='line_1_36' title="bbox 243 2454 1555 2501; baseline 0.003 -14"><span class='ocrx_word' id='word_1_282' title='bbox 243 2457 262 2488; x_wconf 80' lang='lat'><strong>4</strong></span> <span class='ocrx_word' id='word_1_283' title='bbox 303 2454 543 2499; x_wconf 87' lang='lat' dir='ltr'>plenitudine</span> <span class='ocrx_word' id='word_1_284' title='bbox 594 2467 711 2491; x_wconf 89' lang='lat' dir='ltr'>verm.</span> <span class='ocrx_word' id='word_1_285' title='bbox 754 2457 825 2498; x_wconf 82' lang='lat' dir='ltr'>La3</span> <span class='ocrx_word' id='word_1_286' title='bbox 851 2457 1031 2501; x_wconf 78' lang='grc' dir='ltr'><em>ἐφοβήθη</em></span> <span class='ocrx_word' id='word_1_287' title='bbox 1071 2458 1117 2492; x_wconf 86' lang='grc' dir='ltr'>οὐ</span> <span class='ocrx_word' id='word_1_288' title='bbox 1145 2457 1186 2491; x_wconf 82' lang='grc' dir='ltr'>τὸ</span> <span class='ocrx_word' id='word_1_289' title='bbox 1208 2456 1355 2501; x_wconf 76' lang='grc' dir='ltr'><em>πλῆθος</em></span> <span class='ocrx_word' id='word_1_290' title='bbox 1376 2456 1437 2491; x_wconf 84' lang='grc' dir='ltr'>Ρ8.</span> <span class='ocrx_word' id='word_1_291' title='bbox 1470 2477 1505 2480; x_wconf 76' lang='lat'>-</span> <span class='ocrx_word' id='word_1_292' title='bbox 1539 2460 1555 2491; x_wconf 76' lang='lat'>7</span> 
     </span>
     <span class='ocr_line' id='line_1_37' title="bbox 149 2501 1556 2548; baseline 0.001 -13"><span class='ocrx_word' id='word_1_293' title='bbox 149 2501 452 2546; x_wconf 88' lang='lat' dir='ltr'>receptaculum:</span> <span class='ocrx_word' id='word_1_294' title='bbox 481 2513 521 2537; x_wconf 85' lang='lat' dir='ltr'>so</span> <span class='ocrx_word' id='word_1_295' title='bbox 546 2513 618 2537; x_wconf 92' lang='lat' dir='ltr'>nur</span> <span class='ocrx_word' id='word_1_296' title='bbox 646 2504 716 2548; x_wconf 84' lang='lat' dir='ltr'>Sy:</span> <span class='ocrx_word' id='word_1_297' title='bbox 742 2504 910 2546; x_wconf 84' lang='lat' dir='ltr'>„eiserne</span> <span class='ocrx_word' id='word_1_298' title='bbox 933 2505 1122 2548; x_wconf 84' lang='lat' dir='ltr'>Wagen“.</span> <span class='ocrx_word' id='word_1_299' title='bbox 1153 2525 1188 2528; x_wconf 97' lang='lat'><strong>—</strong></span> <span class='ocrx_word' id='word_1_300' title='bbox 1208 2507 1251 2539; x_wconf 89' lang='grc'>17</span> <span class='ocrx_word' id='word_1_301' title='bbox 1275 2504 1464 2539; x_wconf 90' lang='lat' dir='ltr'>cabellum</span> <span class='ocrx_word' id='word_1_302' title='bbox 1488 2504 1556 2538; x_wconf 87' lang='lat' dir='ltr'>Ba.</span> 
     </span>
    </p>

    <p class='ocr_par' dir='ltr' id='par_1_5' title="bbox 149 2549 1558 2632">
     <span class='ocr_line' id='line_1_38' title="bbox 247 2549 1558 2592; baseline 0.001 -9"><span class='ocrx_word' id='word_1_303' title='bbox 247 2550 283 2584; x_wconf 88' lang='lat'>4.</span> <span class='ocrx_word' id='word_1_304' title='bbox 312 2549 369 2591; x_wconf 89' lang='lat' dir='ltr'>[Zi</span> <span class='ocrx_word' id='word_1_305' title='bbox 392 2551 476 2590; x_wconf 78' lang='lat'>213,</span> <span class='ocrx_word' id='word_1_306' title='bbox 505 2551 688 2592; x_wconf 82' lang='lat'>19-214‚</span> <span class='ocrx_word' id='word_1_307' title='bbox 717 2552 780 2592; x_wconf 83' lang='lat'>24]</span> <span class='ocrx_word' id='word_1_308' title='bbox 808 2553 853 2586; x_wconf 87' lang='lat'>30</span> <span class='ocrx_word' id='word_1_309' title='bbox 881 2551 1026 2586; x_wconf 91' lang='lat' dir='ltr'>ducens</span> <span class='ocrx_word' id='word_1_310' title='bbox 1056 2551 1094 2585; x_wconf 92' lang='lat' dir='ltr'>in</span> <span class='ocrx_word' id='word_1_311' title='bbox 1127 2551 1265 2586; x_wconf 84' lang='lat' dir='ltr'>Rasur.</span> <span class='ocrx_word' id='word_1_312' title='bbox 1302 2572 1337 2574; x_wconf 97' lang='lat'><strong>—</strong></span> <span class='ocrx_word' id='word_1_313' title='bbox 1370 2553 1414 2586; x_wconf 89' lang='lat'>33</span> <span class='ocrx_word' id='word_1_314' title='bbox 1437 2551 1558 2585; x_wconf 87' lang='lat' dir='ltr'>hostis</span> 
     </span>
     <span class='ocr_line' id='line_1_39' title="bbox 149 2595 830 2632; baseline 0.003 -2"><span class='ocrx_word' id='word_1_315' title='bbox 149 2596 220 2630; x_wconf 84' lang='lat' dir='ltr'>mit</span> <span class='ocrx_word' id='word_1_316' title='bbox 244 2595 519 2630; x_wconf 86' lang='lat' dir='ltr'>ausradiertem</span> <span class='ocrx_word' id='word_1_317' title='bbox 545 2596 735 2631; x_wconf 83' lang='lat' dir='ltr'>Schluss-s</span> <span class='ocrx_word' id='word_1_318' title='bbox 760 2598 830 2632; x_wconf 88' lang='lat' dir='ltr'>Ba.</span> 
     </span>
    </p>
   </div>
  </div>
 </body>
</html>
