1778 2875
726 146 955 179 -95-

138 258 268 296 Medis
305 262 347 296 et
384 258 516 296 Persis
553 257 714 296 cunctis
750 256 896 295 diebus
931 257 1044 295 vitae
1082 261 1192 295 tuae.
1264 255 1367 294 Esto
1404 255 1543 294 salvus

138 328 180 362 et
204 335 397 361 concessa
423 322 476 361 sit
500 321 577 361 tibi
601 322 777 360 victoria
802 334 825 360 a
856 322 877 362 J
883 321 1001 360 ove.“

249 387 417 426 Relecta
450 386 527 425 hac
560 386 735 437 epistola
768 386 820 425 ab
854 386 1091 424 Alexandro
1126 398 1233 423 unus
1265 398 1314 423 ex
1349 385 1542 435 principi-

138 452 215 490 bus
245 452 434 500 miliciae,
465 452 631 490 nomine
663 451 919 498 Parmenius,
951 450 1076 488 dixit:
1137 449 1414 498 „Alexander,
1446 449 1543 488 tolle

140 516 215 555 tibi
236 521 409 555 cunctas
428 516 517 564 has,
540 529 642 567 quas
663 515 887 566 promittit,
910 515 1080 553 divitias
1101 519 1141 553 et
1161 514 1286 552 redde
1307 515 1343 553 ei
1363 519 1541 552 matrem

139 586 181 620 et
198 594 369 620 uxorem
388 586 429 620 et
448 581 595 619 filios.“
629 579 704 619 Cui
721 579 976 618 Alexander:
1012 579 1156 627 „Tollo
1175 591 1249 629 ego
1267 578 1342 617 has
1360 579 1542 626 divitias,

140 646 208 685 sed
236 647 375 695 miror,
404 646 436 684 si
466 645 614 684 Darius
642 658 713 696 per
741 644 889 683 datum
916 644 1010 682 vult
1036 644 1269 693 recolligere
1297 649 1476 682 matrem
1503 648 1545 681 et

142 724 312 750 uxorem
346 715 388 749 et
420 710 539 749 filios.
606 709 647 748 Si
680 709 817 748 victus
850 713 912 747 est
948 709 1110 756 Darius,
1146 707 1244 746 mihi
1279 708 1428 747 datum
1462 721 1544 746 non

138 776 425 827 repromittat3
455 775 487 813 si
513 775 664 813 iterum
691 786 875 825 pugnare
903 774 996 812 vult
1022 778 1064 811 et
1091 773 1237 811 vicerit
1264 786 1352 821 nos,
1383 773 1544 812 utinam

141 840 300 880 salvare
324 839 538 879 valeamus
562 843 727 878 nosmet
750 839 873 890 ipsos,
900 843 1060 890 quanto
1085 839 1229 889 magis,
1255 843 1303 876 ut
1327 843 1544 877 teneamus

140 910 318 944 matrem
348 905 433 944 eius
463 909 504 943 et
533 917 705 943 uxorem
735 916 783 942 ac
812 904 960 942 filios.“
1023 903 1189 942 Dimisit
1218 902 1406 941 homines
1436 903 1546 954 ipsos

85 990 87 993 ·
140 970 395 1021 praecipiens
427 969 496 1018 eis,
531 974 578 1008 ut
610 969 710 1008 talia
742 969 927 1007 dicerent
962 968 1101 1015 Dario,
1135 973 1175 1006 et
1209 967 1357 1007 deinde
1390 967 1545 1018 praeei-

140 1036 256 1086 piens
284 1034 486 1073 militibus
514 1034 609 1082 suis,
639 1039 687 1072 ut
715 1034 821 1072 irent
850 1038 892 1073 et
921 1033 1159 1083 colligerent
1188 1046 1360 1084 corpora
1388 1037 1545 1071 mortu-

141 1112 260 1138 orum
299 1104 341 1138 et
381 1099 600 1150 sepelirent
640 1112 701 1146 ea,
745 1099 985 1137 vulneratos
1026 1102 1167 1136 autem
1209 1098 1466 1136 adducerent
1506 1101 1547 1135 et

142 1165 340 1203 inferrent
366 1164 442 1202 illis
467 1164 730 1202 medicinam.

248 1229 497 1280 Aliquantos
525 1233 667 1267 autem
696 1228 781 1267 dies
810 1228 1013 1267 hiemavit
1040 1228 1097 1266 ibi
1124 1233 1166 1266 et
1195 1228 1293 1266 fecit
1320 1227 1398 1266 diis
1426 1227 1546 1265 offer-

142 1294 298 1333 tionem
327 1294 623 1332 commendans
651 1293 856 1332 militibus
883 1294 978 1341 suis,
1010 1297 1056 1331 ut
1084 1292 1361 1344 pulcherrima
1391 1292 1546 1343 palatia

144 1359 310 1398 Xerxen
336 1359 440 1409 regis
467 1358 822 1407 comburerentur,
851 1363 892 1397 et
920 1362 1015 1409 post
1041 1357 1258 1409 paululum
1286 1357 1545 1408 paenitentia

141 1424 293 1463 ductus
321 1424 562 1474 precipiens,
595 1428 639 1462 ut
667 1423 908 1462 nullomodo
937 1423 1278 1461 conburerentur.

252 1488 312 1527 18.
367 1489 498 1527 Erant
524 1489 633 1527 enim
663 1489 701 1526 in
732 1489 829 1539 ipsis
857 1488 955 1526 locis
983 1488 1170 1538 sepulcra
1198 1492 1475 1536 mortuorum,
1504 1492 1547 1526 et

144 1553 347 1592 fodientes
381 1566 429 1592 ea
463 1553 714 1592 invenerunt
749 1553 806 1591 ibi
841 1566 941 1592 vasa
977 1566 1101 1592 aurea
1137 1557 1179 1591 et
1213 1557 1424 1603 argentea.
1495 1552 1549 1590 Et

142 1619 249 1656 inter
295 1631 363 1657 eos
409 1618 659 1657 invenerunt
706 1618 941 1669 sepulcrum
989 1618 1252 1665 olovitreum,
1301 1618 1372 1668 qui
1419 1617 1548 1655 eciam

144 1683 269 1722 aforis
291 1683 522 1734 apparebat
545 1696 694 1734 corpus
718 1682 896 1721 hominis
920 1688 961 1721 et
985 1683 1121 1734 capilli
1145 1683 1244 1721 eius.
1293 1682 1550 1721 Invenerunt-

143 1747 199 1786 ibi
221 1752 391 1796 turrem,
414 1748 454 1786 in
478 1761 559 1799 qua
574 1753 693 1787 erant
706 1753 747 1786 et
761 1748 882 1787 multi
905 1747 1357 1795 truncatihomines**,
1372 1752 1413 1785 et
1428 1751 1547 1785 erant

144 1812 200 1851 ibi
221 1813 261 1851 in
283 1813 484 1851 custodia.
523 1813 821 1852 Clamaverunt
843 1813 894 1851 ad
916 1813 1202 1851 Alexandrum
1224 1812 1549 1850 misericordiam

237 1909 256 1940 2
295 1917 471 1941 concessa
617 1919 637 1942 a
686 1908 800 1942 Jove:
857 1918 928 1941 nur
970 1908 999 1941 A
1044 1908 1113 1949 Ar,
1169 1907 1205 1940 in
1249 1907 1300 1951 Sy
1343 1909 1461 1941 etwas
1485 1917 1548 1940 an-

144 1954 246 1995 ders3
274 1953 368 1988 fehlt
401 1968 442 1989 ω.
472 1975 507 1978 —
532 1956 551 1987 4
572 1955 813 1989 Parmenius:
836 1954 1086 1998 Παρμενίων,
1112 1965 1140 1987 s.
1171 1965 1215 1988 zu
1234 1954 1269 1988 II
1294 1957 1313 1988 8
1336 1965 1368 1988 o.
1388 1954 1424 1988 S.
1441 1955 1546 1988 84.—

144 2002 163 2034 5
186 2012 297 2045 quas:
325 2011 366 2035 as
400 2002 438 2035 in
462 2002 596 2036 Rasur.
633 2023 667 2026 —
688 2004 708 2035 6
730 2012 866 2036 uxores
891 2003 958 2043 Ba,
982 2012 999 2034 s
1020 2002 1055 2035 in
1082 2002 1223 2042 Rasum
1247 2012 1404 2035 uxorem
1428 2001 1463 2035 M
1484 2001 1548 2035 La.

152 2069 187 2072 -
219 2051 236 2083 7
269 2048 333 2082 sed
365 2049 479 2082 miror
507 2051 598 2084 etc:
633 2049 720 2083 Dies
750 2049 893 2093 spriclit
927 2049 1022 2083 nach
1056 2063 1086 2083 ω
1116 2049 1194 2083 und
1229 2049 1301 2082 Leo
1332 2048 1552 2083 Alexander

145 2107 190 2130 zu
223 2095 465 2138 Parmenion,
496 2096 591 2130 nach
625 2098 678 2131 Ar
708 2097 787 2130 und
822 2097 861 2130 «Ι1
892 2097 974 2130 Ιῑὶῐῗιῑ
1005 2106 1044 2129 er
1074 2096 1153 2130 dies
1184 2096 1302 2130 durch
1335 2096 1393 2130 die
1426 2096 1550 2129 Boten

145 2142 230 2177 dem
264 2143 400 2177 Darius
430 2142 592 2185 melden,
634 2154 712 2178 was
750 2144 786 2177 in
821 2158 851 2177 ω
881 2143 959 2177 und
993 2143 1066 2177 Leo
1097 2145 1173 2177 erst
1205 2143 1372 2178 nachher
1402 2142 1455 2185 (Z.
1488 2146 1549 2185 11)

144 2191 277 2234 gesagt
298 2189 401 2224 wird.
446 2211 481 2214 —
521 2192 540 2223 8
564 2191 601 2225 Si
622 2191 748 2225 victus
774 2219 780 2225 .
799 2218 805 2225 .
824 2219 830 2225 .
858 2191 974 2225 filios:
996 2191 1032 2224 in
1055 2204 1086 2224 ω
1105 2190 1260 2230 anders3
1282 2201 1345 2224 am
1366 2190 1550 2224 nachsten

145 2238 214 2272 Ar:
242 2237 310 2270 ἐὰν
334 2237 403 2271 οὖν
429 2237 603 2281 ἡττηθεὶς
629 2238 773 2282 εὑρεθῇ
801 2251 882 2282 μοι,
910 2238 964 2282 μὴ
992 2238 1262 2282 ’ὑπισχνείσθω
1287 2237 1331 2271 τά
1358 2237 1446 2281 ἐμά.
1484 2238 1552 2271 ἐὰν

146 2284 218 2328 γὰρ
254 2283 387 2328 νικήσῃ
423 2284 542 2329 μάχῃ,
580 2286 654 2330 οὐχ
686 2285 797 2319 ἕνεκα
833 2289 897 2328 τῆς
923 2285 1069 2329 μητρὸς
1095 2286 1216 2319 αὐτοῦ
1242 2285 1305 2318 καὶ
1333 2288 1398 2328 τῆς
1425 2297 1551 2328 γυναι-

145 2331 213 2371 κὸς
238 2330 301 2364 καὶ
328 2335 402 2365 τῶν
428 2332 569 2366 τέκνων
594 2332 701 2376 λόγοι
725 2333 832 2376 αὐτῷ
861 2332 936 2366 εἰσι
962 2332 1060 2376 πρὸς
1088 2333 1200 2376 ἡμᾶς,
1228 2331 1307 2366 ἀλλ’
1334 2332 1427 2376 ἡμῖν
1453 2332 1552 2375 πρὸς

146 2378 260 2412 αὐτὸν
284 2378 394 2412 ἕνεκα
418 2382 492 2412 τῶν
516 2379 716 2423 ἡμετέρων
742 2379 881 2414 τόπων.

248 2425 304 2460 18.
327 2425 383 2467 [Ζί
398 2428 480 2467 191,
496 2428 538 2460 21
552 2429 678 2468 —192‚
692 2428 754 2468 11]
771 2429 811 2460 21
833 2429 871 2460 et
887 2428 1084 2470 argentea:
1100 2427 1136 2459 in
1151 2427 1277 2460 Rasur
1290 2426 1363 2467 Ba;
1376 2436 1552 2470 gemmea

147 2474 185 2506 et
203 2482 318 2506 aurea
337 2472 368 2506 G
386 2482 462 2506 von
479 2472 537 2514 J1;
553 2484 726 2517 gemmea
747 2475 784 2507 et
803 2475 983 2517 argentea
1002 2474 1026 2508 S
1042 2483 1118 2507 von
1136 2473 1187 2507 J2.
1211 2494 1247 2497 —
1267 2474 1311 2507 22
1334 2473 1551 2517 sepulcrum

146 2519 265 2554 olov.:
295 2518 403 2553 Nach
426 2519 474 2553 Ps
498 2520 600 2554 Grab
619 2520 684 2554 des
706 2521 843 2565 Cyrus,
875 2520 971 2555 nach
994 2521 1033 2554 Jl
1064 2520 1129 2554 des
1148 2521 1284 2554 Ninus.
1311 2541 1347 2544 —
1374 2522 1418 2554 24
1442 2519 1551 2554 Nach

148 2566 316 2601 truncati
334 2565 507 2600 homines
533 2567 641 2601 hatte
661 2568 735 2602 Leo
754 2578 874 2612 urspr.
895 2567 1087 2602 vielleicht
1104 2568 1213 2601 einen
1233 2567 1372 2602 Zusatz
1396 2567 1465 2601 wie
1484 2567 1551 2600 Ps:

146 2613 418 2657 λελωβημένοι,
465 2613 502 2647 οἱ
536 2614 608 2657 μὲν
639 2619 782 2659 χεῖρας,
819 2615 856 2649 οἱ
893 2615 932 2649 δὲ
965 2615 1099 2657 πόδας,
1133 2615 1170 2649 οἱ
1204 2614 1246 2648 δε
1283 2615 1400 2659 ῥῖνας,
1428 2613 1549 2657 ἕτεροι

1562 331 1649 358 941„

1570 844 1606 871 10

1573 1175 1606 1202 15

1573 1364 1596 1390 Β
1623 1363 1715 1390 208d

1569 1494 1607 1521 20
