1778 2875
65 434 207 460 821113

170 817 205 843 10

175 1148 209 1174 15

170 1790 208 1816 25

106 1996 162 2023 105
187 1997 207 2022 L

809 146 845 150 -
901 127 969 159 104
1028 146 1065 150 -

342 234 537 272 Pervenit
568 233 671 273 haec
702 235 879 286 epistola
911 236 1171 286 Alexandr03
1203 238 1348 289 relegit
1380 252 1471 278 eam
1504 253 1643 280 coram

233 298 426 336 omnibus
467 303 509 337 et
549 299 674 338 dixit:
747 301 862 349 „Viri
903 301 1220 351 commilitones,
1264 303 1414 342 fortem
1456 305 1644 345 animum

233 367 420 401 vestrum
442 376 525 401 non
548 364 801 403 conturbent
822 366 974 404 iterum
997 366 1091 405 Pori
1112 368 1217 417 regis
1239 368 1450 418 epistolae.
1495 370 1644 409 Recor-

237 427 395 466 damini
428 428 557 467 verba
589 429 860 480 epistolarum
896 431 1009 469 Darii
1051 432 1169 482 regis,
1214 433 1424 483 quomodo
1468 434 1643 485 superbe

234 497 276 531 et
310 505 403 531 cum
437 493 611 532 audatia
649 494 814 533 locutus
847 500 922 534 est.
986 496 1219 535 Veritatem
1254 497 1344 536 dico
1378 498 1510 548 vobis,
1545 500 1644 550 quia

234 569 377 596 omnes
429 557 597 597 barbari
650 572 915 598 communem
968 574 1130 600 sensum
1187 561 1364 610 habent3
1418 563 1644 603 adsimilati

234 626 332 660 sunt
356 622 555 661 bestiis**
588 624 781 663 videlicet
812 625 919 675 tigri,
954 626 1084 676 pardo
1110 630 1152 665 et
1174 627 1319 676 ceteris
1342 627 1449 676 aliis;
1485 628 1642 668 bestiae

233 687 376 738 itaque
417 687 677 727 confidentes
716 689 757 727 in
797 690 949 740 agresti
987 691 1145 729 virtute
1185 704 1259 731 sua
1297 691 1456 731 habent
1494 693 1643 732 exinde

232 751 451 790 audaciam
498 757 540 791 et
584 765 676 791 raro
723 754 971 793 occiduntur
1018 755 1070 794 ab
1118 755 1399 795 hominibus.“

343 817 457 856 Haec
480 817 678 868 loquente
702 818 941 858 Alexandro
967 821 1129 871 scripsit
1154 821 1375 872 epistolam
1399 822 1474 861 tali
1497 823 1641 862 modo:

233 881 354 929 „Rex
370 882 607 921 Alexander
625 883 730 921 Poro
746 884 830 934 regi
846 884 1059 934 gaudium.
1089 886 1251 925 Acuisti
1269 899 1433 925 sensum
1450 892 1642 926 nostrum

233 950 274 984 et
308 946 512 997 prebuisti
545 947 665 986 nobis
700 949 931 997 audatiam,
969 950 1146 1000 qualiter
1181 964 1462 1002 pugnaremus
1497 957 1643 992 contra

232 1023 319 1049 vos.
368 1012 521 1050 Dixisti
544 1013 708 1062 iterum,
735 1014 833 1064 quia
856 1014 897 1052 in
921 1014 1168 1054 Macedonia
1190 1015 1293 1054 nihil
1316 1016 1415 1055 boni
1437 1017 1640 1056 invenire-

232 1081 315 1124 tur,
345 1076 414 1115 sed
442 1090 577 1128 neque
605 1083 712 1117 esset
740 1078 885 1117 fertilis
912 1083 1023 1118 terra
1050 1084 1092 1118 et
1119 1081 1231 1119 omni
1258 1081 1368 1119 bono
1397 1086 1524 1133 atque
1552 1082 1642 1121 dul-

235 1140 376 1180 cedine
420 1142 611 1181 efflueret
657 1143 790 1182 India.
876 1144 1052 1183 Proinde
1096 1150 1187 1184 toto
1230 1146 1382 1184 mentis
1425 1147 1643 1186 conamine

232 1218 482 1256 pugnamUS,
508 1212 556 1245 ut
578 1208 845 1259 acquiramus
869 1221 928 1247 ea.
979 1209 1086 1260 Quia
1109 1210 1265 1259 dixisti,
1290 1216 1337 1249 ut
1361 1212 1495 1250 omnis
1517 1210 1642 1250 homo

232 1270 324 1322 plus
367 1271 555 1322 diligeret
597 1273 781 1324 amplam
825 1286 994 1312 causam
1038 1287 1165 1326 quam
1207 1287 1397 1326 parvam,
1440 1289 1528 1325 nos,
1573 1277 1644 1328 qui

232 1336 351 1387 parvi
376 1349 534 1385 sumus,
563 1338 615 1376 ad
634 1338 969 1389 magnitudinem
988 1340 1117 1378 vestri
1142 1340 1332 1379 culminis
1357 1341 1497 1380 venire
1523 1346 1642 1392 opta-

231 1413 336 1448 muS,
364 1414 490 1452 quam
520 1401 640 1441 Greci
663 1416 747 1441 non
772 1402 944 1442 habent.
997 1404 1118 1455 Quod
1144 1410 1285 1444 autem
1311 1405 1478 1445 dicebat
1501 1411 1642 1445 vestra

173 1472 182 1479 ‘
233 1465 422 1516 epistola,
445 1467 556 1518 quod
576 1480 660 1505 non
681 1468 814 1506 solum
834 1467 1087 1518 hominibus,
1109 1470 1179 1508 sed
1200 1470 1327 1508 etiam
1348 1470 1425 1509 diis
1445 1471 1642 1510 existeres

233 1530 473 1581 imperator,
513 1545 586 1582 ego
625 1533 685 1571 ita
723 1538 986 1584 pugnaturus
1024 1535 1145 1573 venio
1185 1536 1303 1586 quasi
1342 1548 1432 1574 cum
1474 1534 1641 1575 homine

234 1600 275 1634 et
297 1595 477 1634 barbaro
501 1602 542 1635 et
566 1598 637 1648 qui
661 1611 701 1636 se
724 1598 906 1637 multum
930 1599 1094 1637 extollit
1117 1604 1158 1638 et
1180 1612 1264 1639 non
1288 1601 1407 1651 quasi
1431 1613 1525 1639 cum
1549 1600 1639 1650 deo,

235 1660 331 1711 quia
367 1673 482 1699 arma
520 1662 641 1701 unius
677 1663 742 1701 dei
777 1668 893 1702 totus
928 1664 1110 1702 mundus
1145 1665 1316 1703 sufferre
1352 1678 1435 1703 non
1471 1666 1639 1716 poterit,

231 1730 272 1763 et
301 1738 385 1764 non
417 1726 502 1765 sine
534 1739 671 1775 causa,
704 1728 815 1779 quia,
847 1728 879 1766 si
909 1728 1114 1768 elementa
1144 1728 1267 1768 huius
1297 1730 1415 1778 aeris,
1447 1730 1642 1770 Videlicet

234 1790 422 1829 tonitrua
457 1796 498 1830 et
535 1791 698 1842 fulgura
734 1798 775 1831 et
810 1793 1027 1844 plenitudo
1063 1806 1281 1845 aquarum,
1319 1795 1521 1834 sustinere
1556 1807 1640 1834 non

231 1859 461 1906 potuerunt
490 1856 822 1907 indignationem
852 1858 1037 1907 deorum,
1070 1864 1229 1910 quanto
1259 1860 1391 1910 magis
1419 1859 1639 1899 homines?

239 1920 347 1971 Quin
373 1921 500 1959 immo
526 1922 642 1969 scias,
669 1923 767 1973 quia
792 1923 923 1962 stulta
947 1923 1071 1962 elatio
1096 1929 1170 1963 tua
1186 1937 1251 1963 me
1267 1937 1351 1962 non
1368 1924 1637 1964 conturbat.“

342 1986 378 2023 3.
414 1986 573 2037 Relegit
602 1986 710 2026 hanc
739 1987 960 2038 epistolam
990 1988 1120 2027 Porus
1149 1994 1191 2027 et
1220 1989 1351 2027 iratus
1381 1994 1444 2028 est
1473 2002 1640 2040 congre-

231 2054 412 2101 gataque
467 2051 738 2091 multitudine
793 2052 975 2092 militum
1030 2066 1198 2092 suorum
1254 2058 1381 2105 atque
1436 2055 1640 2093 elefantos

229 2131 303 2165 erg.
334 2113 395 2156 La*
414 2113 513 2156 nach
545 2122 585 2157 J1
615 2122 714 2166 (ecce
743 2123 866 2157 tribus
893 2123 1042 2158 vicibus
1078 2124 1245 2169 precipio
1284 2125 1368 2168 tibi)
1407 2125 1486 2159 und
1514 2125 1562 2159 Ps
1590 2126 1638 2169 (A

228 2168 286 2202 Va
306 2168 376 2213 Sy:
423 2168 510 2203 ἰδοῦ
546 2169 672 2214 τρίτον
719 2183 780 2205 σοι
825 2171 954 2214 λέγω).
1003 2192 1038 2195 -—
1091 2174 1108 2206 7
1153 2172 1262 2206 Nach
1307 2172 1440 2206 bestiis
1482 2172 1550 2207 hat
1597 2172 1638 2207 J1

229 2215 420 2250 vielleicht
434 2216 588 2260 riehtig:
605 2227 691 2251 cum
708 2217 847 2261 quibus
862 2220 1002 2252 terram
1017 2217 1239 2253 inhabitant
1257 2236 1298 2247 Ξ
1315 2220 1384 2264 Sy:
1402 2219 1488 2261 „die
1500 2219 1638 2254 wilden

230 2263 334 2296 Tiere
359 2263 397 2296 in
431 2263 538 2297 ihren
563 2264 779 2298 Landern.'’
816 2285 852 2288 —
885 2266 904 2299 9
929 2276 1014 2300 raro
1048 2265 1293 2301 occiduntur:
1329 2277 1356 2300 s.
1383 2266 1481 2301 Einl.
1507 2268 1565 2302 23.
1597 2287 1634 2290 —

230 2311 272 2344 13
299 2310 408 2344 Nach
434 2310 567 2345 dixisti
594 2311 654 2345 ein
680 2311 839 2346 Buchst.
867 2312 981 2355 (wohl
1005 2313 1035 2357 s)
1063 2312 1217 2347 radiert.
1254 2334 1289 2337 —
1322 2316 1367 2348 23
1393 2324 1500 2348 arma
1524 2314 1638 2348 unius

229 2356 306 2392 dei:
351 2358 445 2392 θεοῦ
483 2358 556 2402 γὰρ
593 2359 686 2403 μίαν
720 2359 931 2394 πανοπλίαν
969 2360 1014 2394 οὐ
1052 2360 1207 2394 δύναται
1236 2361 1461 2405 ὑπενεγκεῖν
1486 2364 1589 2395 πᾶσα
1614 2361 1637 2405 ἡ

229 2403 453 2449 οἰκουμένη,
490 2405 650 2449 βροντῆς
675 2405 782 2450 ἦχον,
820 2407 1014 2451 ἀστραπῆς
1043 2407 1257 2451 φωτισμόν,
1285 2411 1478 2452 κεραυνοῦ
1506 2408 1634 2453 ὀργήν.

228 2450 323 2509 ng
345 2452 443 2514 ³9⁰1?
480 2452 543 2497 Sy.
589 2453 657 2487 Bei
681 2453 755 2487 Leo
789 2453 838 2487 ist
872 2454 951 2488 dies
984 2454 1248 2498 umgeandert‚
1285 2455 1414 2490 indem
1447 2454 1637 2490 elementa

231 2498 544 2597 sunglxffisQ&
561 2549 746 2589 20—205‚
762 2548 799 2589 2]
816 2548 860 2581 29
877 2547 1060 2582 elefantes
1085 2547 1228 2583 multos
1253 2549 1307 2592 (so
1327 2549 1381 2593 J1)
1399 2549 1498 2583 korr.
1517 2549 1575 2584 Ba
1596 2549 1636 2583 in

229 2602 275 2625 -ιε
315 2602 371 2626 -1S.
