1778 2875
182 481 199 505 Γ)

96 612 145 637 131
174 611 195 636 L

55 812 77 837 Β
104 811 199 836 218a

169 1130 203 1156 15

168 1448 207 1474 20

173 1773 211 1799 25

112 1843 168 1870 132
191 1844 212 1868 L

882 109 951 139 120
1014 128 1043 131 --

220 217 450 255 inveniamur
480 216 548 254 ibi.
599 217 822 267 {ungentes
848 231 930 256 non
957 219 996 256 in
1020 219 1243 257 venientur
1279 219 1348 257 ibi.
1402 219 1627 270 Iungentes

219 294 291 319 1105
324 281 374 319 ad
412 281 548 332 ipsum
585 281 762 319 fluvium
796 282 966 320 minime
996 283 1170 321 transire
1194 284 1422 334 potuimus,
1445 296 1492 323 eo
1515 284 1627 335 quod

217 350 324 384 esset
364 345 546 384 altitudo
586 351 627 384 et
666 346 849 385 latitudo
889 347 996 385 illius
1035 360 1185 398 inagna
1220 347 1361 397 valde;
1396 348 1628 400 plenusque

218 415 307 449 erat
341 410 560 461 reptilibus
594 415 635 449 et
669 411 811 449 bestiis
846 412 1006 462 magnis
1040 412 1174 451 valde.

331 476 366 513 4.
392 475 555 513 Abinde
580 476 771 514 venimus
795 476 846 515 ad
871 489 984 515 mare
1007 477 1193 516 rubrum.
1241 478 1296 516 Et
1319 483 1409 517 erat
1432 478 1488 516 ibi
1511 470 1631 517 mons

221 540 350 588 altus3
380 540 643 579 ascendimus
670 554 764 579 eum
793 546 834 580 et
862 542 980 592 quasi
1008 555 1189 581 essemus
1219 543 1258 581 in
1287 543 1385 581 celo.

331 606 367 643 Ξ).
405 605 595 656 Cogitavi
632 618 725 644 eum
761 607 903 644 amicis
938 607 1052 655 meis,
1090 612 1137 645 01
1172 608 1419 647 instruerem
1454 607 1537 647 tale
1572 608 1632 646 in-

221 670 401 719 genium,
435 674 643 721 quatenus
675 671 940 710 ascenderem
974 672 1134 711 caelum
1175 677 1217 710 et
1257 672 1455 721 viderem,
1498 673 1530 711 si
1570 677 1634 711 est

221 734 299 773 1100
325 735 499 783 eaelum,
527 735 638 786 quod
666 736 869 774 videmus.
920 737 1144 788 preparavi
1171 737 1396 788 ingenium,
1423 737 1495 776 ubi
1520 737 1634 776 sede-

225 812 326 848 rem,
359 804 401 838 et
432 799 688 851 apprehendi
720 801 844 851 grifas
876 806 1003 852 atque
1034 802 1131 852 ligui
1164 815 1231 840 eas
1263 815 1357 840 eum
1389 802 1560 850 catenis,
1593 806 1636 840 et

226 865 344 915 posui
367 869 507 903 vectes
529 870 627 903 ante
649 878 716 903 eos
739 870 780 903 et
801 866 841 903 in
865 867 1108 905 summitate
1130 880 1272 905 eorum
1296 867 1450 906 cibaria
1471 867 1636 906 illorum

226 934 267 968 et
293 934 493 980 ceperunt
518 930 738 969 ascendere
764 931 909 969 0010111.
960 931 1113 970 Divina
1138 932 1307 982 quidem
1331 932 1466 970 virtus
1491 931 1636 970 obum-

230 995 352 1032 brans
388 1007 456 1032 eos
492 994 641 1033 deiecit
677 995 728 1033 ad
766 1000 920 1033 terram
956 996 1117 1046 longius
1153 996 1204 1035 ab
1241 997 1425 1035 exercitu
1446 1009 1538 1035 meo
1559 996 1637 1035 iter

226 1059 386 1097 dierum
409 1059 551 1098 decem
574 1060 615 1098 in
638 1060 726 1098 1000
751 1061 973 1111 campestri
997 1066 1037 1099 et
1059 1061 1217 1100 nullam
1240 1062 1436 1100 lesionem
1460 1061 1638 1100 sustinui

227 1124 268 1162 in
299 1124 397 1175 ipsis
429 1125 619 1163 cancellis
652 1125 803 1163 ferreis.
863 1126 1045 1164 Tantam
1077 1126 1345 1165 altitudinem
1377 1126 1558 1174 ascendi,
1591 1130 1640 1164 ut

228 1189 335 1227 sicut
367 1202 461 1227 area
494 1190 719 1228 videbatur
751 1203 836 1229 esse
870 1196 979 1229 terra
1012 1191 1087 1229 sub
1120 1204 1198 1229 me.
1261 1192 1373 1230 Mare
1405 1196 1547 1230 autem
1580 1191 1640 1229 ita

229 1254 453 1292 videbatur
480 1254 579 1292 mihi
609 1255 715 1293 siout
743 1255 866 1293 draeo
894 1256 1030 1305 girans
1058 1269 1105 1295 ea
1131 1261 1172 1294 et
1200 1269 1293 1294 00111
1322 1256 1419 1295 forti
1446 1255 1641 1306 angustia

228 1317 432 1372 iun[c]tus
456 1332 546 1357 sum
570 1320 771 1358 militibus
796 1321 910 1359 meis.
953 1321 1152 1359 videntes
1186 1334 1250 1359 me
1285 1321 1491 1360 exercitus
1524 1333 1642 1359 meus

229 1384 571 1422 acclamaverunt
604 1385 826 1423 laudantes
861 1398 939 1423 me.

338 1449 374 1487 6.
403 1449 528 1487 Venit
555 1450 707 1488 iterum
733 1450 774 1488 in
802 1463 869 1488 cor
895 1463 1049 1499 meum,
1078 1455 1125 1489 ut
1151 1463 1435 1490 mensurarem
1463 1450 1642 1489 fundum

232 1514 369 1552 maris.
444 1514 535 1552 Feci
572 1515 712 1553 venire
750 1515 980 1565 astrologos
1016 1521 1058 1554 et
1094 1516 1366 1566 geometricos
1403 1515 1643 1567 precipique

233 1579 322 1627 illis,
356 1583 403 1617 ut
435 1584 725 1618 construerent
756 1580 857 1618 mihi
888 1580 1119 1629 vasculum,
1152 1581 1193 1619 in
1226 1594 1307 1631 quo
1351 1581 1532 1619 valerem
1573 1579 1642 1618 de-

233 1644 427 1682 scendere
467 1644 505 1681 in
543 1645 799 1694 profundum
839 1646 964 1683 maris
1007 1650 1049 1684 et
1087 1647 1322 1696 perquirere
1362 1644 1644 1684 ammirabiles

236 1708 404 1756 bestias,
432 1720 538 1759 quae
564 1709 620 1747 ibi
646 1708 861 1748 habitant:
913 1711 933 1733 ’¹‘
956 1712 976 1733 *
1026 1710 1143 1758 „Nisi
1169 1710 1243 1749 tali
1269 1710 1414 1749 modo:
1442 1710 1645 1749 faciamus

238 1773 403 1812 doleum
421 1774 671 1813 olovitreum
691 1779 732 1813 et
750 1775 898 1825 ligetur
918 1775 1074 1814 eatenis
1093 1780 1134 1814 et
1151 1780 1298 1826 regant
1316 1788 1411 1814 eum
1431 1774 1646 1813 fortissimi

240 1838 434 1877 milites.“
470 1839 560 1877 Hoc
583 1840 728 1878 audito
751 1840 1017 1889 (Alexander)
1050 1841 1239 1891 praecepi
1270 1840 1352 1878 eito
1382 1840 1482 1879 talia
1513 1839 1647 1879 facere

330 1918 346 1949 1
366 1915 417 1949 Es
442 1916 480 1949 et
493 1915 635 1949 ferrum
656 1926 732 1949 non
753 1916 973 1950 invenietur
993 1916 1055 1950 ibi.
1078 1917 1279 1960 iungentes
1301 1918 1337 1960 (η
1362 1917 1477 1959 korr.)
1501 1916 1645 1951 nonin-

236 1963 441 1996 venientur
454 1962 518 1996 ibi.
536 1963 743 2006 Iungentes
756 1964 960 1997 nosadBa.
978 1964 1311 2007 Stattiungentes.
1330 1993 1336 1998 .
1355 1964 1425 1999 ‚ibi
1443 1963 1647 2007 (vonMLa

236 2009 385 2053 getilgt)
425 2010 509 2053 gibt
540 2010 597 2045 Jlt
640 2021 761 2053 neque
800 2011 870 2044 viri
909 2013 1019 2045 erant
1046 2011 1146 2045 inter
1173 2021 1247 2045 eas.
1302 2012 1464 2047 Danaoh
1495 2011 1646 2055 schlagt

237 2057 291 2093 La
316 2058 376 2091 fur
400 2058 602 2101 jungentes
627 2060 725 2093 etwa
754 2060 911 2094 iuvenes
927 2070 1006 2094 vor.
1066 2057 1267 2092 Vielleieht
1303 2059 1393 2094 aber
1424 2076 1466 2086 z
1497 2058 1563 2092 Ps:
1599 2058 1647 2092 οὐ

237 2105 310 2147 γὰρ
338 2103 381 2147 ἦν
407 2105 500 2148 ἡμῖν
527 2105 654 2139 ἐκεῖσε
675 2105 894 2149 διαβαίνειν,
918 2105 953 2139 (1.
972 2105 1007 2139 h.
1032 2105 1236 2140 Fahrleute
1258 2106 1332 2149 gab
1355 2117 1394 2140 es
1416 2106 1502 2140 dort
1526 2105 1648 2148 nicht,

240 2152 317 2185 und
345 2152 531 2188 naehher:
560 2152 603 2196 ἧν
630 2153 703 2197 γὰρ
732 2153 752 2186 ό
778 2153 954 2197 ποταμὸς
981 2153 1102 2197 μέγας
1128 2153 1191 2187 καὶ
1218 2153 1431 2197 ἀδιάβατος.
1474 2153 1649 2188 Heraeus

238 2200 415 2234 verweist
437 2200 504 2234 auf
529 2199 680 2244 Peregr.
707 2200 797 2235 Silv.
825 2201 900 2243 ss,3:
927 2201 1157 2245 plicavimus
1178 2211 1247 2235 nos
1269 2201 1317 2235 ad
1339 2211 1443 2236 mare
1564 2201 1647 2235 iun-

238 2247 366 2281 ximus
383 2256 450 2281 nos
465 2247 513 2281 ad
530 2257 644 2282 mare.
672 2267 707 2269 —
729 2249 766 2282 4:
790 2247 846 2289 [Zi
863 2249 946 2288 252,
964 2248 1100 2289 9—11]
1122 2248 1193 2281 Mit
1215 2247 1300 2281 dem
1318 2248 1446 2282 Roten
1462 2248 1564 2281 Meer
1586 2246 1648 2280 be-

239 2293 350 2336 ginnt
364 2293 402 2326 in
420 2307 463 2335 ω,
480 2303 528 2327 an
547 2293 606 2327 die
621 2295 844 2328 Amazonen
860 2294 1144 2335 ansehliessend,
1166 2294 1263 2339 Kap.
1281 2298 1338 2329 28.
1372 2316 1407 2319 —
1435 2296 1474 2330 5:
1492 2294 1549 2337 [Zi
1565 2294 1650 2334 252,

241 2341 424 2381 12-253,
450 2341 512 2382 16]
547 2340 774 2384 Entsprieht
798 2341 858 2375 Ps.
887 2341 923 2375 II
950 2344 992 2375 41
1010 2341 1106 2375 nach
1133 2342 1159 2375 C
1178 2342 1223 2383 L3
1249 2353 1276 2375 5.
1303 2342 1401 2376 oben
1429 2341 1464 2376 S.
1491 2344 1572 2375 101.
1610 2360 1647 2365 ——

244 2387 281 2421 ll
319 2397 468 2422 eorum:
505 2387 687 2422 collorum
732 2398 850 2422 verm.
888 2388 953 2423 La.
990 2409 1026 2412 —
1061 2389 1098 2424 17
1136 2399 1197 2424 ea:
1234 2400 1317 2424 eam
1353 2399 1471 2423 verm.
1509 2389 1573 2423 La.
1611 2407 1647 2411 —

244 2435 281 2469 6:
309 2434 365 2476 [Zi
394 2436 477 2476 253,
505 2436 688 2477 17-254,
717 2436 753 2477 8]
804 2435 1031 2480 Entsprieht
1058 2435 1117 2469 Ps.
1149 2436 1184 2470 ΙΙ
1215 2439 1258 2471 38
1287 2436 1384 2471 nach
1413 2437 1439 2470 C
1458 2436 1574 2480 LBy.
1611 2455 1647 2458 —

243 2482 287 2514 24
320 2481 428 2515 Naeh
469 2482 651 2516 habitant
691 2483 739 2516 ist
780 2482 972 2519 vielleieht
1013 2483 1094 2517 eine
1127 2483 1268 2525 Lucke,
1298 2484 1336 2517 in
1367 2483 1434 2518 der
1463 2485 1561 2517 etwa
1589 2492 1650 2526 ge-

244 2528 407 2562 standen
428 2528 554 2563 haben
576 2530 679 2564 kann
702 2529 815 2573 (nach
838 2530 924 2574 La):
951 2529 1007 2564 Illi
1029 2530 1210 2565 dicebant
1231 2531 1303 2565 hoc
1324 2530 1406 2565 fieri
1429 2540 1505 2565 non
1527 2539 1649 2574 posse.

252 2595 287 2599 —-
321 2577 366 2609 26
390 2576 610 2612 Alexander
635 2577 734 2612 wohl
764 2577 908 2613 Glosse.
