<?xml version="1.0" encoding="UTF-8"?>
<!DOCTYPE html PUBLIC "-//W3C//DTD XHTML 1.0 Transitional//EN"
    "http://www.w3.org/TR/xhtml1/DTD/xhtml1-transitional.dtd">
<html xmlns="http://www.w3.org/1999/xhtml" xml:lang="en" lang="en">
 <head>
  <title>
</title>
<meta http-equiv="Content-Type" content="text/html;charset=utf-8" />
  <meta name='ocr-system' content='tesseract 3.04.00' />
  <meta name='ocr-capabilities' content='ocr_page ocr_carea ocr_par ocr_line ocrx_word'/>
</head>
<body>
  <div class='ocr_page' id='page_1' title='image "./deralexanderroma00leoauoft_0058.png"; bbox 0 0 1778 2875; ppageno 0'>
   <div class='ocr_carea' id='block_1_1' title="bbox 65 397 214 424">
    <p class='ocr_par' dir='ltr' id='par_1_1' title="bbox 65 397 214 424">
     <span class='ocr_line' id='line_1_1' title="bbox 65 397 214 424; baseline -0.007 0"><span class='ocrx_word' id='word_1_1' title='bbox 65 397 214 424; x_wconf 84' lang='lat' dir='ltr'>Bl93b</span> 
     </span>
    </p>
   </div>
   <div class='ocr_carea' id='block_1_2' title="bbox 131 526 213 554">
    <p class='ocr_par' dir='ltr' id='par_1_2' title="bbox 131 526 213 554">
     <span class='ocr_line' id='line_1_2' title="bbox 131 526 213 554; baseline -0.024 0"><span class='ocrx_word' id='word_1_2' title='bbox 131 526 213 554; x_wconf 89' lang='lat' dir='ltr'>28L</span> 
     </span>
    </p>
   </div>
   <div class='ocr_carea' id='block_1_3' title="bbox 179 786 216 812">
    <p class='ocr_par' dir='ltr' id='par_1_3' title="bbox 179 786 216 812">
     <span class='ocr_line' id='line_1_3' title="bbox 179 786 216 812; baseline 0 0"><span class='ocrx_word' id='word_1_3' title='bbox 179 786 216 812; x_wconf 80' lang='lat'>10</span> 
     </span>
    </p>
   </div>
   <div class='ocr_carea' id='block_1_4' title="bbox 179 1111 214 1137">
    <p class='ocr_par' dir='ltr' id='par_1_4' title="bbox 179 1111 214 1137">
     <span class='ocr_line' id='line_1_4' title="bbox 179 1111 214 1137; baseline 0.029 -1"><span class='ocrx_word' id='word_1_4' title='bbox 179 1111 214 1137; x_wconf 85' lang='lat'>15</span> 
     </span>
    </p>
   </div>
   <div class='ocr_carea' id='block_1_5' title="bbox 178 1436 218 1462">
    <p class='ocr_par' dir='ltr' id='par_1_5' title="bbox 178 1436 218 1462">
     <span class='ocr_line' id='line_1_5' title="bbox 178 1436 218 1462; baseline 0 0"><span class='ocrx_word' id='word_1_5' title='bbox 178 1436 218 1462; x_wconf 88' lang='lat'>20</span> 
     </span>
    </p>
   </div>
   <div class='ocr_carea' id='block_1_6' title="bbox 920 82 1054 113">
    <p class='ocr_par' dir='ltr' id='par_1_6' title="bbox 920 82 1054 113">
     <span class='ocr_line' id='line_1_6' title="bbox 920 82 1054 113; baseline 0 -8"><span class='ocrx_word' id='word_1_6' title='bbox 920 82 963 113; x_wconf 66' lang='lat'>45</span> <span class='ocrx_word' id='word_1_7' title='bbox 1020 102 1054 105; x_wconf 28' lang='grc' dir='ltr'><strong>ἡ</strong></span> 
     </span>
    </p>
   </div>
   <div class='ocr_carea' id='block_1_7' title="bbox 233 192 1649 1660">
    <p class='ocr_par' dir='ltr' id='par_1_7' title="bbox 233 192 1649 1660">
     <span class='ocr_line' id='line_1_7' title="bbox 235 192 1644 243; baseline 0.001 -12"><span class='ocrx_word' id='word_1_8' title='bbox 235 192 383 231; x_wconf 75' lang='lat' dir='ltr'>finiens</span> <span class='ocrx_word' id='word_1_9' title='bbox 399 192 506 230; x_wconf 84' lang='lat' dir='ltr'>infra</span> <span class='ocrx_word' id='word_1_10' title='bbox 523 192 778 230; x_wconf 87' lang='lat' dir='ltr'>tricesimum</span> <span class='ocrx_word' id='word_1_11' title='bbox 794 197 909 231; x_wconf 66' lang='lat' dir='ltr'>octax</span> <span class='ocrx_word' id='word_1_12' title='bbox 923 205 990 229; x_wconf 77' lang='lat' dir='ltr'>um</span> <span class='ocrx_word' id='word_1_13' title='bbox 1010 205 1167 231; x_wconf 87' lang='lat' dir='ltr'>annum</span> <span class='ocrx_word' id='word_1_14' title='bbox 1201 193 1399 243; x_wconf 83' lang='lat' dir='ltr'>migravit</span> <span class='ocrx_word' id='word_1_15' title='bbox 1428 192 1482 232; x_wconf 90' lang='lat' dir='ltr'>ad</span> <span class='ocrx_word' id='word_1_16' title='bbox 1514 192 1644 232; x_wconf 90' lang='lat' dir='ltr'>domi-</span> 
     </span>
     <span class='ocr_line' id='line_1_8' title="bbox 233 257 1645 307; baseline 0.002 -13"><span class='ocrx_word' id='word_1_17' title='bbox 233 270 349 295; x_wconf 90' lang='lat' dir='ltr'>num.</span> <span class='ocrx_word' id='word_1_18' title='bbox 407 257 507 295; x_wconf 85' lang='lat' dir='ltr'>Post</span> <span class='ocrx_word' id='word_1_19' title='bbox 537 257 651 295; x_wconf 87' lang='lat' dir='ltr'>cuius</span> <span class='ocrx_word' id='word_1_20' title='bbox 681 257 906 296; x_wconf 75' lang='lat' dir='ltr'><strong>transitum</strong></span> <span class='ocrx_word' id='word_1_21' title='bbox 936 257 1151 307; x_wconf 85' lang='lat' dir='ltr'>praefatus</span> <span class='ocrx_word' id='word_1_22' title='bbox 1185 257 1412 306; x_wconf 86' lang='lat' dir='ltr'>Johannes,</span> <span class='ocrx_word' id='word_1_23' title='bbox 1442 258 1645 297; x_wconf 83' lang='lat' dir='ltr'>excellen-</span> 
     </span>
     <span class='ocr_line' id='line_1_9' title="bbox 234 321 1646 371; baseline 0.002 -12"><span class='ocrx_word' id='word_1_24' title='bbox 234 322 420 360; x_wconf 83' lang='lat' dir='ltr'>tissimus</span> <span class='ocrx_word' id='word_1_25' title='bbox 455 321 597 360; x_wconf 88' lang='lat' dir='ltr'>consul</span> <span class='ocrx_word' id='word_1_26' title='bbox 633 326 675 360; x_wconf 84' lang='lat' dir='ltr'>et</span> <span class='ocrx_word' id='word_1_27' title='bbox 709 321 808 369; x_wconf 82' lang='lat' dir='ltr'>dUX,</span> <span class='ocrx_word' id='word_1_28' title='bbox 844 322 906 359; x_wconf 87' lang='lat' dir='ltr'>vir</span> <span class='ocrx_word' id='word_1_29' title='bbox 942 322 1028 360; x_wconf 79' lang='lat' dir='ltr'>eius</span> <span class='ocrx_word' id='word_1_30' title='bbox 1063 327 1104 360; x_wconf 87' lang='lat' dir='ltr'>et</span> <span class='ocrx_word' id='word_1_31' title='bbox 1139 322 1216 361; x_wconf 92' lang='lat' dir='ltr'>deo</span> <span class='ocrx_word' id='word_1_32' title='bbox 1251 322 1455 371; x_wconf 87' lang='lat' dir='ltr'>amabilis,</span> <span class='ocrx_word' id='word_1_33' title='bbox 1491 322 1646 362; x_wconf 87' lang='lat' dir='ltr'>statuit</span> 
     </span>
     <span class='ocr_line' id='line_1_10' title="bbox 238 386 1646 438; baseline 0.001 -13"><span class='ocrx_word' id='word_1_34' title='bbox 238 390 377 425; x_wconf 86' lang='lat' dir='ltr'>mente</span> <span class='ocrx_word' id='word_1_35' title='bbox 420 399 493 425; x_wconf 88' lang='lat' dir='ltr'>sua</span> <span class='ocrx_word' id='word_1_36' title='bbox 535 386 723 425; x_wconf 79' lang='lat' dir='ltr'>ordinem</span> <span class='ocrx_word' id='word_1_37' title='bbox 765 387 1064 437; x_wconf 86' lang='lat' dir='ltr'>scripturarum</span> <span class='ocrx_word' id='word_1_38' title='bbox 1106 387 1311 438; x_wconf 83' lang='lat' dir='ltr'>inquirere</span> <span class='ocrx_word' id='word_1_39' title='bbox 1353 392 1395 426; x_wconf 84' lang='lat' dir='ltr'>et</span> <span class='ocrx_word' id='word_1_40' title='bbox 1435 387 1646 438; x_wconf 86' lang='lat' dir='ltr'>praeclare</span> 
     </span>
     <span class='ocr_line' id='line_1_11' title="bbox 237 451 1646 503; baseline 0.001 -14"><span class='ocrx_word' id='word_1_41' title='bbox 237 451 439 490; x_wconf 86' lang='lat' dir='ltr'>ordinare.</span> <span class='ocrx_word' id='word_1_42' title='bbox 508 452 694 489; x_wconf 85' lang='lat' dir='ltr'>Primum</span> <span class='ocrx_word' id='word_1_43' title='bbox 729 464 827 489; x_wconf 80' lang='lat' dir='ltr'>vero</span> <span class='ocrx_word' id='word_1_44' title='bbox 861 451 1000 500; x_wconf 77' lang='lat' dir='ltr'>libros,</span> <span class='ocrx_word' id='word_1_45' title='bbox 1036 464 1140 503; x_wconf 88' lang='lat' dir='ltr'>quos</span> <span class='ocrx_word' id='word_1_46' title='bbox 1173 452 1216 490; x_wconf 90' lang='lat' dir='ltr'>in</span> <span class='ocrx_word' id='word_1_47' title='bbox 1250 464 1325 491; x_wconf 87' lang='lat' dir='ltr'>sua</span> <span class='ocrx_word' id='word_1_48' title='bbox 1358 452 1646 492; x_wconf 81' lang='lat' dir='ltr'>dominatione</span> 
     </span>
     <span class='ocr_line' id='line_1_12' title="bbox 239 516 1646 567; baseline 0.001 -13"><span class='ocrx_word' id='word_1_49' title='bbox 239 516 411 565; x_wconf 89' lang='lat' dir='ltr'>invenit,</span> <span class='ocrx_word' id='word_1_50' title='bbox 448 516 671 555; x_wconf 89' lang='lat' dir='ltr'>renovavit</span> <span class='ocrx_word' id='word_1_51' title='bbox 713 520 840 567; x_wconf 89' lang='lat' dir='ltr'>atque</span> <span class='ocrx_word' id='word_1_52' title='bbox 888 517 1075 555; x_wconf 84' lang='lat' dir='ltr'>meliores</span> <span class='ocrx_word' id='word_1_53' title='bbox 1112 517 1300 565; x_wconf 83' lang='lat' dir='ltr'>effectus,</span> <span class='ocrx_word' id='word_1_54' title='bbox 1338 516 1487 556; x_wconf 89' lang='lat' dir='ltr'>deinde</span> <span class='ocrx_word' id='word_1_55' title='bbox 1523 516 1646 556; x_wconf 82' lang='lat' dir='ltr'>anxie</span> 
     </span>
     <span class='ocr_line' id='line_1_13' title="bbox 236 579 1647 632; baseline 0.001 -13"><span class='ocrx_word' id='word_1_56' title='bbox 236 581 449 632; x_wconf 89' lang='lat' dir='ltr'>inquirens</span> <span class='ocrx_word' id='word_1_57' title='bbox 475 581 583 619; x_wconf 89' lang='lat' dir='ltr'>sicut</span> <span class='ocrx_word' id='word_1_58' title='bbox 608 579 893 632; x_wconf 90' lang='lat' dir='ltr'>philosophus,</span> <span class='ocrx_word' id='word_1_59' title='bbox 922 594 1208 632; x_wconf 88' lang='lat' dir='ltr'>quoscumque</span> <span class='ocrx_word' id='word_1_60' title='bbox 1234 581 1377 620; x_wconf 89' lang='lat' dir='ltr'>audire</span> <span class='ocrx_word' id='word_1_61' title='bbox 1403 582 1468 621; x_wconf 88' lang='lat' dir='ltr'>vel</span> <span class='ocrx_word' id='word_1_62' title='bbox 1493 580 1647 621; x_wconf 87' lang='lat' dir='ltr'>habere</span> 
     </span>
     <span class='ocr_line' id='line_1_14' title="bbox 235 646 1647 697; baseline 0.001 -13"><span class='ocrx_word' id='word_1_63' title='bbox 235 646 388 697; x_wconf 85' lang='lat' dir='ltr'>potuit,</span> <span class='ocrx_word' id='word_1_64' title='bbox 416 646 501 684; x_wconf 88' lang='lat' dir='ltr'>sive</span> <span class='ocrx_word' id='word_1_65' title='bbox 525 646 710 696; x_wconf 84' lang='lat' dir='ltr'>rogando</span> <span class='ocrx_word' id='word_1_66' title='bbox 736 659 806 685; x_wconf 87' lang='lat' dir='ltr'>seu</span> <span class='ocrx_word' id='word_1_67' title='bbox 831 646 1038 696; x_wconf 89' lang='lat' dir='ltr'>precando</span> <span class='ocrx_word' id='word_1_68' title='bbox 1064 646 1220 685; x_wconf 88' lang='lat' dir='ltr'>multos</span> <span class='ocrx_word' id='word_1_69' title='bbox 1245 650 1286 685; x_wconf 87' lang='lat' dir='ltr'>et</span> <span class='ocrx_word' id='word_1_70' title='bbox 1310 646 1647 686; x_wconf 85' lang='lat' dir='ltr'>diversoslibros</span> 
     </span>
     <span class='ocr_line' id='line_1_15' title="bbox 237 710 1645 761; baseline 0 -11"><span class='ocrx_word' id='word_1_71' title='bbox 237 711 521 750; x_wconf 86' lang='lat' dir='ltr'>accumulavit</span> <span class='ocrx_word' id='word_1_72' title='bbox 556 715 598 749; x_wconf 82' lang='lat' dir='ltr'>et</span> <span class='ocrx_word' id='word_1_73' title='bbox 633 711 851 761; x_wconf 73' lang='lat' dir='ltr'>diligenter</span> <span class='ocrx_word' id='word_1_74' title='bbox 887 711 1061 750; x_wconf 87' lang='lat' dir='ltr'>scribere</span> <span class='ocrx_word' id='word_1_75' title='bbox 1097 712 1229 750; x_wconf 84' lang='lat' dir='ltr'>iussit.</span> <span class='ocrx_word' id='word_1_76' title='bbox 1300 711 1480 750; x_wconf 79' lang='lat' dir='ltr'>Maxime</span> <span class='ocrx_word' id='word_1_77' title='bbox 1519 710 1645 761; x_wconf 71' lang='lat' dir='ltr'>eccle-</span> 
     </span>
     <span class='ocr_line' id='line_1_16' title="bbox 237 775 1644 827; baseline 0 -12"><span class='ocrx_word' id='word_1_78' title='bbox 237 776 424 815; x_wconf 86' lang='lat' dir='ltr'>siasticos</span> <span class='ocrx_word' id='word_1_79' title='bbox 452 775 592 824; x_wconf 87' lang='lat' dir='ltr'>libros,</span> <span class='ocrx_word' id='word_1_80' title='bbox 622 775 754 814; x_wconf 90' lang='lat' dir='ltr'>Vetus</span> <span class='ocrx_word' id='word_1_81' title='bbox 784 775 938 814; x_wconf 91' lang='lat' dir='ltr'>scilicet</span> <span class='ocrx_word' id='word_1_82' title='bbox 967 781 1094 827; x_wconf 90' lang='lat' dir='ltr'>atque</span> <span class='ocrx_word' id='word_1_83' title='bbox 1118 777 1286 815; x_wconf 86' lang='lat' dir='ltr'>Novum</span> <span class='ocrx_word' id='word_1_84' title='bbox 1308 776 1644 825; x_wconf 74' lang='lat' dir='ltr'>Testamentum,</span> 
     </span>
     <span class='ocr_line' id='line_1_17' title="bbox 237 840 1645 892; baseline 0 -12"><span class='ocrx_word' id='word_1_85' title='bbox 237 841 428 880; x_wconf 83' lang='lat' dir='ltr'>funditus</span> <span class='ocrx_word' id='word_1_86' title='bbox 460 841 684 879; x_wconf 89' lang='lat' dir='ltr'>renovavit</span> <span class='ocrx_word' id='word_1_87' title='bbox 718 845 845 892; x_wconf 88' lang='lat' dir='ltr'>atque</span> <span class='ocrx_word' id='word_1_88' title='bbox 880 841 1128 892; x_wconf 77' lang='lat' dir='ltr'>composuit.</span> <span class='ocrx_word' id='word_1_89' title='bbox 1166 842 1279 880; x_wconf 88' lang='lat' dir='ltr'>Inter</span> <span class='ocrx_word' id='word_1_90' title='bbox 1315 853 1419 892; x_wconf 91' lang='lat' dir='ltr'>quos</span> <span class='ocrx_word' id='word_1_91' title='bbox 1452 840 1645 880; x_wconf 88' lang='lat' dir='ltr'>historio-</span> 
     </span>
     <span class='ocr_line' id='line_1_18' title="bbox 236 904 1646 957; baseline 0 -13"><span class='ocrx_word' id='word_1_92' title='bbox 236 905 454 957; x_wconf 87' lang='lat' dir='ltr'>graphiam</span> <span class='ocrx_word' id='word_1_93' title='bbox 495 905 691 944; x_wconf 86' lang='lat' dir='ltr'>videlicet</span> <span class='ocrx_word' id='word_1_94' title='bbox 731 905 798 944; x_wconf 88' lang='lat' dir='ltr'>vel</span> <span class='ocrx_word' id='word_1_95' title='bbox 840 904 1226 957; x_wconf 80' lang='lat' dir='ltr'>chronographiam,</span> <span class='ocrx_word' id='word_1_96' title='bbox 1275 907 1506 957; x_wconf 89' lang='lat' dir='ltr'>Joseppum</span> <span class='ocrx_word' id='word_1_97' title='bbox 1547 918 1646 945; x_wconf 91' lang='lat' dir='ltr'>vero</span> 
     </span>
     <span class='ocr_line' id='line_1_19' title="bbox 239 971 1647 1021; baseline -0.001 -11"><span class='ocrx_word' id='word_1_98' title='bbox 239 975 281 1010; x_wconf 90' lang='lat' dir='ltr'>et</span> <span class='ocrx_word' id='word_1_99' title='bbox 317 971 460 1009; x_wconf 90' lang='lat' dir='ltr'>Titum</span> <span class='ocrx_word' id='word_1_100' title='bbox 497 971 663 1009; x_wconf 87' lang='lat' dir='ltr'>Livium</span> <span class='ocrx_word' id='word_1_101' title='bbox 701 975 827 1021; x_wconf 91' lang='lat' dir='ltr'>atque</span> <span class='ocrx_word' id='word_1_102' title='bbox 858 971 1120 1021; x_wconf 88' lang='lat' dir='ltr'>Dyonisium,</span> <span class='ocrx_word' id='word_1_103' title='bbox 1158 971 1400 1010; x_wconf 89' lang='lat' dir='ltr'>caelestium</span> <span class='ocrx_word' id='word_1_104' title='bbox 1436 971 1647 1009; x_wconf 87' lang='lat' dir='ltr'>Virtutum</span> 
     </span>
     <span class='ocr_line' id='line_1_20' title="bbox 237 1035 1649 1087; baseline 0 -13"><span class='ocrx_word' id='word_1_105' title='bbox 237 1036 445 1087; x_wconf 88' lang='lat' dir='ltr'>optimum</span> <span class='ocrx_word' id='word_1_106' title='bbox 486 1035 804 1086; x_wconf 78' lang='lat' dir='ltr'>predicatorem,</span> <span class='ocrx_word' id='word_1_107' title='bbox 837 1040 964 1087; x_wconf 89' lang='lat' dir='ltr'>atque</span> <span class='ocrx_word' id='word_1_108' title='bbox 1000 1040 1157 1075; x_wconf 90' lang='lat' dir='ltr'>ceteros</span> <span class='ocrx_word' id='word_1_109' title='bbox 1198 1049 1325 1087; x_wconf 88' lang='lat' dir='ltr'>quam</span> <span class='ocrx_word' id='word_1_110' title='bbox 1365 1036 1565 1087; x_wconf 87' lang='lat' dir='ltr'>plurimos</span> <span class='ocrx_word' id='word_1_111' title='bbox 1605 1039 1649 1074; x_wconf 87' lang='lat' dir='ltr'>et</span> 
     </span>
     <span class='ocr_line' id='line_1_21' title="bbox 239 1100 1646 1152; baseline 0 -13"><span class='ocrx_word' id='word_1_112' title='bbox 239 1101 425 1140; x_wconf 86' lang='lat' dir='ltr'>diversos</span> <span class='ocrx_word' id='word_1_113' title='bbox 451 1100 656 1149; x_wconf 87' lang='lat' dir='ltr'>doctores,</span> <span class='ocrx_word' id='word_1_114' title='bbox 685 1113 788 1151; x_wconf 92' lang='lat' dir='ltr'>quos</span> <span class='ocrx_word' id='word_1_115' title='bbox 814 1113 1055 1139; x_wconf 80' lang='lat' dir='ltr'>enumerare</span> <span class='ocrx_word' id='word_1_116' title='bbox 1081 1101 1200 1139; x_wconf 91' lang='lat' dir='ltr'>nobis</span> <span class='ocrx_word' id='word_1_117' title='bbox 1225 1101 1396 1152; x_wconf 86' lang='lat' dir='ltr'>longum</span> <span class='ocrx_word' id='word_1_118' title='bbox 1422 1113 1508 1139; x_wconf 90' lang='lat' dir='ltr'>esse</span> <span class='ocrx_word' id='word_1_119' title='bbox 1533 1100 1646 1139; x_wconf 91' lang='lat' dir='ltr'>vide-</span> 
     </span>
     <span class='ocr_line' id='line_1_22' title="bbox 238 1165 1648 1217; baseline 0 -13"><span class='ocrx_word' id='word_1_120' title='bbox 238 1171 319 1214; x_wconf 87' lang='lat' dir='ltr'>tur,</span> <span class='ocrx_word' id='word_1_121' title='bbox 366 1166 565 1204; x_wconf 84' lang='lat' dir='ltr'>instituit.</span> <span class='ocrx_word' id='word_1_122' title='bbox 653 1165 812 1204; x_wconf 89' lang='lat' dir='ltr'>Eodem</span> <span class='ocrx_word' id='word_1_123' title='bbox 857 1178 1039 1217; x_wconf 77' lang='lat' dir='ltr'>namque</span> <span class='ocrx_word' id='word_1_124' title='bbox 1084 1170 1271 1217; x_wconf 90' lang='lat' dir='ltr'>tempore</span> <span class='ocrx_word' id='word_1_125' title='bbox 1317 1178 1648 1204; x_wconf 89' lang='lat' dir='ltr'>commemorans</span> 
     </span>
     <span class='ocr_line' id='line_1_23' title="bbox 237 1230 1648 1281; baseline -0.001 -11"><span class='ocrx_word' id='word_1_126' title='bbox 237 1231 304 1270; x_wconf 91' lang='lat' dir='ltr'>ille</span> <span class='ocrx_word' id='word_1_127' title='bbox 330 1231 619 1280; x_wconf 86' lang='lat' dir='ltr'>sagacissimus</span> <span class='ocrx_word' id='word_1_128' title='bbox 645 1230 857 1281; x_wconf 89' lang='lat' dir='ltr'>predictus</span> <span class='ocrx_word' id='word_1_129' title='bbox 883 1230 1025 1269; x_wconf 90' lang='lat' dir='ltr'>consul</span> <span class='ocrx_word' id='word_1_130' title='bbox 1050 1235 1091 1270; x_wconf 87' lang='lat' dir='ltr'>et</span> <span class='ocrx_word' id='word_1_131' title='bbox 1117 1231 1202 1269; x_wconf 86' lang='lat' dir='ltr'>dux</span> <span class='ocrx_word' id='word_1_132' title='bbox 1228 1231 1439 1281; x_wconf 87' lang='lat' dir='ltr'>prefatum</span> <span class='ocrx_word' id='word_1_133' title='bbox 1466 1231 1648 1269; x_wconf 89' lang='lat' dir='ltr'>Leonem</span> 
     </span>
     <span class='ocr_line' id='line_1_24' title="bbox 238 1294 1647 1346; baseline -0.001 -12"><span class='ocrx_word' id='word_1_134' title='bbox 238 1294 633 1346; x_wconf 83' lang='lat' dir='ltr'>archipresbiterum</span> <span class='ocrx_word' id='word_1_135' title='bbox 680 1295 832 1334; x_wconf 85' lang='lat' dir='ltr'>habere</span> <span class='ocrx_word' id='word_1_136' title='bbox 878 1296 962 1334; x_wconf 90' lang='lat' dir='ltr'>iam</span> <span class='ocrx_word' id='word_1_137' title='bbox 1009 1295 1169 1334; x_wconf 88' lang='lat' dir='ltr'>dictum</span> <span class='ocrx_word' id='word_1_138' title='bbox 1215 1296 1380 1343; x_wconf 91' lang='lat' dir='ltr'>librum,</span> <span class='ocrx_word' id='word_1_139' title='bbox 1429 1294 1647 1334; x_wconf 89' lang='lat' dir='ltr'>historiam</span> 
     </span>
     <span class='ocr_line' id='line_1_25' title="bbox 238 1360 1648 1411; baseline -0.001 -12"><span class='ocrx_word' id='word_1_140' title='bbox 238 1361 393 1399; x_wconf 87' lang='lat' dir='ltr'>scilicet</span> <span class='ocrx_word' id='word_1_141' title='bbox 414 1360 642 1399; x_wconf 81' lang='lat' dir='ltr'>Alexandri</span> <span class='ocrx_word' id='word_1_142' title='bbox 669 1361 787 1411; x_wconf 73' lang='lat' dir='ltr'>regis,</span> <span class='ocrx_word' id='word_1_143' title='bbox 823 1361 993 1399; x_wconf 87' lang='lat' dir='ltr'>vocavit</span> <span class='ocrx_word' id='word_1_144' title='bbox 1021 1373 1117 1399; x_wconf 90' lang='lat' dir='ltr'>eum</span> <span class='ocrx_word' id='word_1_145' title='bbox 1138 1360 1190 1399; x_wconf 88' lang='lat' dir='ltr'>ad</span> <span class='ocrx_word' id='word_1_146' title='bbox 1218 1374 1259 1399; x_wconf 92' lang='lat' dir='ltr'>se</span> <span class='ocrx_word' id='word_1_147' title='bbox 1287 1365 1328 1399; x_wconf 92' lang='lat' dir='ltr'>et</span> <span class='ocrx_word' id='word_1_148' title='bbox 1356 1361 1406 1399; x_wconf 89' lang='lat' dir='ltr'>de</span> <span class='ocrx_word' id='word_1_149' title='bbox 1437 1360 1568 1400; x_wconf 86' lang='lat' dir='ltr'>Greco</span> <span class='ocrx_word' id='word_1_150' title='bbox 1605 1360 1648 1398; x_wconf 90' lang='lat' dir='ltr'>in</span> 
     </span>
     <span class='ocr_line' id='line_1_26' title="bbox 240 1424 1648 1477; baseline -0.001 -13"><span class='ocrx_word' id='word_1_151' title='bbox 240 1426 440 1464; x_wconf 83' lang='lat' dir='ltr'>Latinum</span> <span class='ocrx_word' id='word_1_152' title='bbox 480 1426 695 1465; x_wconf 87' lang='lat' dir='ltr'>transferri</span> <span class='ocrx_word' id='word_1_153' title='bbox 734 1426 932 1476; x_wconf 86' lang='lat' dir='ltr'>precepit,</span> <span class='ocrx_word' id='word_1_154' title='bbox 975 1425 1086 1477; x_wconf 91' lang='lat' dir='ltr'>quod</span> <span class='ocrx_word' id='word_1_155' title='bbox 1127 1430 1169 1465; x_wconf 90' lang='lat' dir='ltr'>et</span> <span class='ocrx_word' id='word_1_156' title='bbox 1208 1426 1367 1465; x_wconf 83' lang='lat' dir='ltr'>factum</span> <span class='ocrx_word' id='word_1_157' title='bbox 1408 1430 1483 1473; x_wconf 88' lang='lat' dir='ltr'>est,</span> <span class='ocrx_word' id='word_1_158' title='bbox 1525 1424 1648 1463; x_wconf 89' lang='lat' dir='ltr'>sicuti</span> 
     </span>
     <span class='ocr_line' id='line_1_27' title="bbox 238 1489 1649 1542; baseline -0.001 -12"><span class='ocrx_word' id='word_1_159' title='bbox 238 1490 456 1542; x_wconf 85' lang='lat' dir='ltr'>sequentia</span> <span class='ocrx_word' id='word_1_160' title='bbox 492 1490 657 1539; x_wconf 82' lang='lat' dir='ltr'>docent,</span> <span class='ocrx_word' id='word_1_161' title='bbox 696 1490 889 1529; x_wconf 90' lang='lat' dir='ltr'>omnibus</span> <span class='ocrx_word' id='word_1_162' title='bbox 925 1503 1023 1529; x_wconf 87' lang='lat' dir='ltr'>vero</span> <span class='ocrx_word' id='word_1_163' title='bbox 1053 1490 1341 1529; x_wconf 85' lang='lat' dir='ltr'>laborantibus</span> <span class='ocrx_word' id='word_1_164' title='bbox 1378 1494 1467 1529; x_wconf 87' lang='lat' dir='ltr'>tam</span> <span class='ocrx_word' id='word_1_165' title='bbox 1504 1489 1649 1529; x_wconf 88' lang='lat' dir='ltr'>docto-</span> 
     </span>
     <span class='ocr_line' id='line_1_28' title="bbox 237 1555 1647 1607; baseline -0.001 -13"><span class='ocrx_word' id='word_1_166' title='bbox 237 1556 352 1594; x_wconf 90' lang='lat' dir='ltr'>ribus</span> <span class='ocrx_word' id='word_1_167' title='bbox 392 1568 518 1607; x_wconf 89' lang='lat' dir='ltr'>quam</span> <span class='ocrx_word' id='word_1_168' title='bbox 558 1555 829 1607; x_wconf 88' lang='lat' dir='ltr'>scriptoribus</span> <span class='ocrx_word' id='word_1_169' title='bbox 868 1555 1026 1594; x_wconf 91' lang='lat' dir='ltr'>bonum</span> <span class='ocrx_word' id='word_1_170' title='bbox 1064 1555 1297 1594; x_wconf 83' lang='lat' dir='ltr'>retribuens</span> <span class='ocrx_word' id='word_1_171' title='bbox 1336 1556 1533 1594; x_wconf 89' lang='lat' dir='ltr'>meritum</span> <span class='ocrx_word' id='word_1_172' title='bbox 1572 1566 1647 1605; x_wconf 90' lang='lat' dir='ltr'>pro</span> 
     </span>
     <span class='ocr_line' id='line_1_29' title="bbox 240 1620 1196 1660; baseline 0 -1"><span class='ocrx_word' id='word_1_173' title='bbox 240 1621 373 1659; x_wconf 79' lang='lat' dir='ltr'>salute</span> <span class='ocrx_word' id='word_1_174' title='bbox 407 1621 572 1659; x_wconf 89' lang='lat' dir='ltr'>animae</span> <span class='ocrx_word' id='word_1_175' title='bbox 603 1625 645 1660; x_wconf 91' lang='lat' dir='ltr'>et</span> <span class='ocrx_word' id='word_1_176' title='bbox 677 1620 877 1659; x_wconf 88' lang='lat' dir='ltr'>memoria</span> <span class='ocrx_word' id='word_1_177' title='bbox 909 1621 1089 1659; x_wconf 86' lang='lat' dir='ltr'>nominis</span> <span class='ocrx_word' id='word_1_178' title='bbox 1122 1620 1196 1659; x_wconf 91' lang='lat' dir='ltr'>sui.</span> 
     </span>
    </p>
   </div>
   <div class='ocr_carea' id='block_1_8' title="bbox 238 1706 372 1708">
    <p class='ocr_par' dir='ltr' id='par_1_8' title="bbox 238 1706 372 1708">
     <span class='ocr_line' id='line_1_30' title="bbox 238 1706 372 1708; baseline 0 0"><span class='ocrx_word' id='word_1_179' title='bbox 238 1706 372 1708; x_wconf 95' lang='lat' dir='ltr'> </span> 
     </span>
    </p>
   </div>
   <div class='ocr_carea' id='block_1_9' title="bbox 241 1736 1649 1820">
    <p class='ocr_par' dir='ltr' id='par_1_9' title="bbox 241 1736 1649 1820">
     <span class='ocr_line' id='line_1_31' title="bbox 333 1736 1649 1779; baseline -0.002 -7"><span class='ocrx_word' id='word_1_180' title='bbox 333 1740 353 1772; x_wconf 87' lang='grc'>6</span> <span class='ocrx_word' id='word_1_181' title='bbox 392 1737 564 1772; x_wconf 85' lang='lat' dir='ltr'>meliores</span> <span class='ocrx_word' id='word_1_182' title='bbox 596 1737 700 1772; x_wconf 85' lang='lat' dir='ltr'>verb.</span> <span class='ocrx_word' id='word_1_183' title='bbox 737 1738 793 1772; x_wconf 92' lang='lat' dir='ltr'>Ba</span> <span class='ocrx_word' id='word_1_184' title='bbox 819 1738 857 1772; x_wconf 91' lang='lat' dir='ltr'>in</span> <span class='ocrx_word' id='word_1_185' title='bbox 884 1738 1064 1779; x_wconf 77' lang='lat' dir='ltr'>melioris3</span> <span class='ocrx_word' id='word_1_186' title='bbox 1106 1737 1276 1771; x_wconf 83' lang='lat' dir='ltr'>meliores</span> <span class='ocrx_word' id='word_1_187' title='bbox 1308 1737 1438 1772; x_wconf 82' lang='lat' dir='ltr'>effecit</span> <span class='ocrx_word' id='word_1_188' title='bbox 1471 1737 1535 1771; x_wconf 82' lang='lat' dir='ltr'>La.</span> <span class='ocrx_word' id='word_1_189' title='bbox 1573 1736 1649 1771; x_wconf 86' lang='lat' dir='ltr'>Zur</span> 
     </span>
     <span class='ocr_line' id='line_1_32' title="bbox 241 1785 679 1820; baseline -0.002 0"><span class='ocrx_word' id='word_1_190' title='bbox 241 1785 361 1820; x_wconf 83' lang='lat' dir='ltr'>Sache</span> <span class='ocrx_word' id='word_1_191' title='bbox 389 1796 417 1819; x_wconf 86' lang='lat' dir='ltr'>s.</span> <span class='ocrx_word' id='word_1_192' title='bbox 449 1785 546 1819; x_wconf 90' lang='lat' dir='ltr'>Einl.</span> <span class='ocrx_word' id='word_1_193' title='bbox 580 1785 616 1820; x_wconf 84' lang='lat' dir='ltr'>S.</span> <span class='ocrx_word' id='word_1_194' title='bbox 646 1786 679 1819; x_wconf 90' lang='lat'>5.</span> 
     </span>
    </p>
   </div>
  </div>
 </body>
</html>
