1778 2875
99 235 297 286 potuistis
328 234 529 273 sustinere
559 234 765 285 impetum
796 238 1055 272 armatorum
1083 232 1353 271 Alexandri.“
1415 232 1505 270 Hoc

99 299 274 338 dicendo
305 304 442 338 castra
470 303 657 338 metatus
685 303 748 337 est
781 303 823 337 et
852 299 951 337 fecit
983 298 1062 337 diis
1092 297 1372 336 offercionem.
1427 296 1504 335 La-

99 364 347 403 cedemoniis
400 376 498 403 vero
551 368 593 402 et
642 364 805 402 civitati
840 363 1005 401 illorum
1041 362 1221 401 donavit
1251 361 1503 400 libertatem.

102 428 260 467 Deinde
299 430 506 479 ingressus
548 433 611 467 est
654 440 725 479 per
769 432 909 478 partes
949 427 1114 467 Ciliciae
1148 427 1190 465 in
1224 431 1379 465 terram
1413 426 1504 465 bar-

99 493 309 532 barorum.

210 558 246 597 7.
295 559 443 597 Darius
486 558 629 608 itaque
674 556 944 606 congregavit
988 556 1194 607 principes
1224 560 1266 594 et
1297 556 1506 606 sapientes

101 635 197 661 suos
221 628 264 661 et
290 622 468 661 contulit
494 634 588 660 cum
614 621 684 669 eis,
712 621 811 672 quid
839 621 1051 659 debuisset
1078 621 1223 669 facere,
1252 625 1294 659 et
1319 620 1504 660 dicebat:

102 687 190 735 ⁷,Ut
216 687 351 736 video,
379 687 469 735 iste⁷
498 686 568 738 qui
595 687 651 725 sic
677 685 903 737 pugnando
930 685 1063 733 vadit,
1092 685 1334 735 adiungitur
1360 685 1401 723 in
1428 685 1507 723 vir-

102 756 193 791 tute
217 757 259 791 et
281 752 457 791 victoria
480 764 566 790 sua.
612 751 699 801 Ego
723 751 833 789 enim
857 750 1077 801 sperabam
1101 749 1218 788 illum
1241 762 1326 788 esse
1349 750 1508 788 latrun-

102 817 255 865 culum,
290 822 338 856 ut
372 817 450 855 iret
484 816 591 855 sicut
623 816 731 854 latro
766 815 1047 866 depredando.
1117 815 1188 853 Ille
1224 819 1367 854 autem
1402 815 1509 853 sicut

101 894 173 920 rex
202 886 363 932 pugnat
391 886 433 920 et
461 879 655 919 humiliat
683 885 738 928 et,
769 885 978 931 quantum
1006 892 1081 918 nos
1110 879 1286 918 exaltari
1315 879 1510 918 volumus

93 959 225 997 super
250 959 358 994 eum,
386 950 506 985 tanto
532 945 711 996 amplius
735 945 947 984 exaltatur
972 957 1125 983 nomen
1150 944 1270 983 illius.
1321 945 1407 994 Ego
1433 944 1510 982 ita-

104 1024 183 1062 que
227 1011 357 1050 direxi
400 1010 457 1049 illi
500 1023 663 1061 speram
707 1015 1010 1061 curvatamque
1054 1010 1228 1060 virgam,
1274 1014 1321 1048 ut
1364 1009 1511 1047 ludum

105 1075 281 1114 disceret
314 1076 420 1114 sicut
448 1088 562 1126 puer.
608 1075 678 1114 Ille
702 1079 858 1123 autem,
883 1087 1005 1126 quem
1029 1074 1115 1113 dixi
1138 1087 1223 1113 esse
1246 1074 1510 1125 discipulum,

105 1153 226 1191 super
246 1140 493 1191 magistrum
513 1140 654 1179 veniet
674 1153 795 1178 suum
816 1145 870 1188 ct,
893 1140 1146 1190 ubicumque
1166 1139 1314 1190 pergit,
1339 1139 1512 1177 Victoria

105 1205 292 1256 sequitur
329 1218 436 1243 eum.
509 1204 629 1244 Unde
667 1205 697 1243 si
736 1205 886 1255 placet,
925 1204 1154 1254 cogitemus
1192 1204 1241 1242 de
1279 1204 1510 1242 salvatione

104 1275 261 1318 nostra⁷
294 1274 342 1308 ut
372 1282 455 1308 non
486 1269 742 1308 intendendo
775 1270 815 1307 in
847 1270 1025 1308 elatione
1056 1273 1214 1317 nostra,
1248 1268 1512 1320 despiciendo

105 1335 234 1383 illum⁷
283 1334 471 1383 dicendo,
520 1335 618 1386 quia
664 1334 765 1373 nihil
813 1339 876 1373 est
921 1334 1171 1382 Alexander,
1221 1333 1511 1385 superbiendO,

106 1401 204 1451 quia
238 1404 429 1438 tenemus
461 1412 635 1450 regnum
672 1400 904 1447 Persarum,
942 1399 1130 1450 parvitas
1166 1399 1244 1437 illis
1280 1403 1438 1437 crescat
1472 1403 1511 1437 et

106 1464 353 1515 magnitudo
399 1469 543 1503 nostra
590 1462 892 1517 despiciat[ur].
988 1463 1159 1512 Dubito,
1207 1477 1258 1502 ne
1306 1467 1514 1502 accrescat

107 1535 273 1580 tempus
302 1529 409 1567 illius
438 1529 677 1568 adiuvando
707 1543 801 1568 eum
833 1542 1011 1580 superna
1040 1529 1307 1580 providentia
1336 1528 1513 1566 volendo

108 1594 164 1632 illi
194 1593 416 1632 concedere
447 1594 640 1633 diadema
670 1594 797 1645 regni,
829 1599 884 1642 et,
916 1594 1104 1645 optando
1134 1606 1210 1632 nos
1240 1594 1367 1632 eicere
1399 1593 1514 1631 illum

107 1659 157 1698 de
219 1658 380 1707 Ellada,
442 1659 565 1697 eiciat
615 1672 690 1697 nos
741 1660 827 1710 ipse
880 1659 930 1697 de
973 1659 1183 1697 Persida.“
1266 1659 1355 1697 Hoc
1409 1658 1516 1696 dixit

111 1724 273 1762 Darius.

216 1787 446 1836 Ocsiather‚
498 1789 624 1827 frater
678 1789 789 1827 Darii
840 1789 958 1839 regis,
1011 1789 1135 1827 dixit:
1207 1787 1516 1838 „Magnificasti

108 1853 395 1892 Alexandrum
422 1853 686 1892 concedendo
714 1853 768 1892 illi
797 1854 995 1892 fiduciam
1022 1854 1063 1891 in
1090 1853 1181 1900 hoc,
1209 1858 1257 1892 ut
1282 1854 1375 1904 plus
1401 1865 1516 1891 exar-

110 1918 253 1957 descat
274 1917 339 1956 ille
361 1918 519 1968 ingredi
542 1918 768 1963 Persidam,
792 1918 1046 1957 dimittendo
1068 1918 1125 1957 illi
1148 1918 1354 1957 Elladam.
1397 1917 1517 1957 Unde

209 2073 243 2106 7.
268 2071 325 2113 [Zi
347 2073 430 2113 172,
451 2073 609 2114 5-174,
632 2073 693 2114 10]
714 2074 733 2106 8
766 2072 1005 2115 adiungitur:
1040 2073 1092 2111 ὡς
1119 2072 1198 2116 ὁρῶ
1226 2072 1321 2106 κατὰ
1348 2072 1517 2115 προσθή-

109 2131 177 2162 κην
213 2118 234 2151 ὁ
270 2118 440 2162 πόλεμος
479 2119 590 2161 (wohl
628 2119 828 2163 πολέμιος)
871 2119 926 2159 εἰς
969 2119 1132 2163 δύναμιν
1171 2119 1339 2163 ἐκβαίνει
1382 2120 1426 2152 Α.
1479 2139 1514 2141 -

111 2168 155 2200 14
174 2164 239 2199 Ille
260 2166 407 2199 autem.
427 2193 432 2199 .
451 2193 457 2199 .
484 2167 658 2210 sequitur
677 2177 782 2202 eum:
804 2168 836 2200 A
854 2167 907 2200 Ar
924 2167 1000 2211 By3
1022 2166 1117 2200 fehlt
1139 2166 1176 2199 in
1199 2180 1240 2200 ω.
1269 2187 1305 2190 —
1330 2167 1374 2200 16
1395 2166 1518 2209 sequi-

112 2215 174 2246 tur
201 2222 300 2246 eum.
331 2212 465 2247 dubito
495 2223 540 2247 ne
569 2216 761 2248 accrescat
792 2216 944 2258 tempus
972 2213 1071 2248 illius
1100 2213 1322 2247 adiuvando
1352 2212 1402 2246 illi
1433 2223 1519 2247 con-

111 2259 241 2293 cedere
262 2259 439 2294 diadema
458 2261 561 2304 regni
581 2263 619 2295 et
639 2261 810 2305 optando
832 2271 900 2295 nos
920 2261 989 2303 Ba,
1011 2261 1081 2294 mit
1100 2260 1520 2304 Verweisungszeichen

112 2316 180 2340 vor
214 2306 350 2340 dubito
384 2306 463 2340 und
497 2307 593 2342 nach
627 2308 815 2349 iuvando3
841 2308 939 2342 dazu
962 2318 1024 2342 am
1048 2308 1180 2342 Rand:
1207 2307 1317 2341 L'nde
1341 2308 1371 2341 si
1394 2307 1520 2352 placet

112 2353 323 2395 cogitemus
477 2354 675 2399 despiciat,
704 2355 781 2389 und
811 2355 931 2390 dann:
960 2366 1047 2389 eum
1075 2365 1241 2398 superna
1275 2354 1521 2398 providentia

112 2400 288 2435 volendo.
352 2400 511 2435 Danach
544 2401 610 2436 der
640 2402 749 2446 obige
781 2403 891 2436 Text.
955 2402 1008 2437 La
1039 2413 1176 2437 verm.:
1216 2402 1390 2446 sequitur
1420 2412 1519 2436 eum.

113 2447 225 2482 Unde
247 2447 277 2481 si
300 2446 426 2491 placet
456 2475 487 2482 ..
505 2476 512 2482 .
541 2450 580 2483 et
601 2450 659 2492 [so
683 2449 757 2490 Ba;
781 2451 825 2483 ut
847 2449 944 2484 Ausf
977 2449 1073 2484 nach
1107 2449 1162 2491 Jl]
1186 2459 1262 2483 non
1284 2448 1520 2483 intendendo

120 2522 126 2528 .
144 2522 151 2529 .
170 2522 176 2528 .
207 2494 422 2528 Persarum.
464 2495 610 2530 Dubito
632 2506 678 2530 ne
699 2497 872 2540 parvitas
892 2496 991 2530 illius
1019 2525 1024 2530 .
1043 2525 1049 2530 .
1068 2524 1074 2530 .
1104 2496 1276 2537 deficiam
1299 2495 1521 2530 adiuvando

113 2552 200 2576 eum
220 2543 374 2585 tempus
392 2543 429 2575 et
447 2552 614 2586 superna
633 2545 703 2577 etc.
731 2565 765 2567 —
789 2545 833 2577 23
853 2543 979 2577 allada
998 2544 1064 2577 Ba.
1091 2564 1127 2567 -
1150 2542 1296 2587 perside
1314 2543 1353 2576 in
1371 2542 1522 2587 persida

113 2588 212 2623 korr.
254 2588 328 2630 Ba3
372 2588 528 2623 Persida
571 2589 622 2624 Jl.
660 2611 696 2614 —
729 2592 774 2624 25
806 2590 1022 2625 Ocsiather:
1065 2590 1287 2634 Ὀξυάθρης
1321 2591 1365 2624 A.

184 2671 357 2703 Pfister,
380 2671 699 2699 Alexanderroman.
1336 2672 1354 2698 6

1529 561 1618 588 75L

1533 821 1568 847 10

1536 1150 1570 1176 15

1535 1214 1574 1240 76
1602 1214 1623 1239 L

1535 1474 1574 1502 20

1537 1805 1574 1831 25
