1778 2875
711 120 939 154 -51-

121 247 266 273 sucum
308 234 488 285 fecitque
529 233 859 272 incantationem
901 231 1146 282 Olimpiadis
1188 243 1259 282 per
1302 229 1522 276 somnium,

120 304 169 338 ut
201 299 404 338 veraciter
438 298 599 337 videret
631 298 673 336 in
708 309 853 335 somno
886 297 1138 335 Ammonem
1173 295 1296 334 deum
1332 307 1525 333 concum-

120 364 290 403 bentem
323 375 475 402 secum.
525 362 645 413 Quod
679 366 721 400 et
753 362 911 400 factum
944 366 1019 400 est.
1083 361 1314 411 Postquam
1347 359 1527 397 surrexit

121 428 174 467 ab
206 441 267 476 ea,
301 428 408 467 dixit
438 427 513 466 illi:
567 426 754 475 „Mulier,
787 426 1013 476 concepisti
1044 425 1085 463 in
1117 429 1235 464 utero
1267 424 1526 463 defensorem
1548 432 1572 458 Β
1598 432 1655 458 194
1676 432 1696 458 d

122 493 286 532 tuum.“
1568 503 1588 530 5

229 558 266 596 6.
306 557 427 596 Mane
465 561 607 595 autem
646 556 757 594 facto
796 568 890 593 cum
929 554 1172 592 surrexisset
1210 566 1233 592 a
1270 554 1391 602 lecto,
1431 553 1528 591 fecit

125 623 263 661 venire
280 622 331 661 ad
350 634 390 659 se
402 620 705 667 Nectanebum,
720 620 900 658 recitans
915 619 970 657 illi
986 619 1206 667 somnium,
1223 618 1333 669 quod
1350 618 1526 656 viderat.

124 688 180 726 At
213 687 278 725 ille
312 686 436 724 dixit:
503 684 683 733 „Omnia
717 684 819 732 scio,
855 684 1056 722 faciamus
1090 683 1258 734 aliquod
1294 682 1526 730 arbitrium,
1551 691 1591 718 36
1618 692 1639 717 L

125 752 222 803 quia
259 750 370 790 aliud
408 754 471 788 est
508 749 715 788 somnium
752 753 879 799 atque
917 748 1029 786 aliud
1067 748 1234 786 veritas.
1308 747 1391 785 Istc
1428 747 1530 786 deus

125 816 294 868 quando
318 815 471 863 veniet,
499 814 676 864 figuram
702 812 876 852 habebit
901 812 1104 860 draconis,
1131 817 1275 863 postea
1300 811 1529 850 humanam
1553 821 1589 847 10

127 882 305 920 formam
329 880 368 918 in
392 892 485 917 mea
509 878 821 917 similitudine.“
866 877 929 915 Ad
954 876 1055 915 haec
1079 877 1344 928 Olimpiadis:
1391 876 1530 925 „Bene

126 946 283 993 dixisti,
313 944 532 996 propheta.
576 943 727 994 Recipe
756 942 1007 990 cubiculum,
1038 946 1077 980 et
1107 954 1194 991 ego,
1225 942 1256 980 si
1284 941 1426 980 videro
1455 940 1532 979 hoc

126 1010 342 1058 veraciter,
388 1008 550 1047 habebo
596 1013 635 1046 te
681 1008 798 1058 quasi
843 1012 1004 1057 patrem
1051 1007 1207 1057 pueris*

235 1075 271 1114 7.
302 1074 384 1114 Ubi
416 1073 575 1112 factum
605 1078 667 1110 est
696 1072 773 1110 hoc
802 1072 978 1121 signum,
1010 1084 1103 1109 cum
1133 1071 1376 1109 surrexisset
1397 1070 1449 1109 ab
1471 1083 1531 1118 ea,

128 1140 331 1191 percussit
360 1151 451 1177 eam
482 1139 521 1176 in
553 1142 671 1176 utero
702 1137 893 1187 dixitque
924 1136 997 1174 illi:
1059 1136 1203 1183 „Haec
1234 1136 1448 1186 conceptio
1480 1135 1532 1172 sit
1556 1151 1591 1177 15

129 1204 356 1244 victorialis
387 1208 429 1242 et
458 1202 699 1242 nullomodo
721 1201 1052 1251 sul›iugabitur.“
1094 1201 1198 1239 Cum
1218 1205 1359 1239 autem
1381 1200 1533 1250 coepis-

130 1275 192 1309 set
222 1274 366 1308 uterus
396 1268 483 1306 eius
514 1268 801 1314 intumescere,
834 1266 1004 1304 vocavit
1037 1265 1325 1304 Nectanebum
1357 1269 1398 1303 et
1428 1264 1535 1303 dixit

130 1335 205 1374 illi:
258 1332 511 1384 „Propheta,
540 1332 639 1384 quid
668 1331 792 1370 debet
831 1331 962 1369 facere
991 1329 1219 1381 Philippus,
1249 1330 1280 1368 si
1305 1329 1473 1368 redierit
1488 1329 1532 1367 ?‘''

130 1399 204 1439 Cui
232 1398 516 1437 Nectanebus:
565 1396 686 1445 „Noli
712 1408 1000 1447 expavescere,
1025 1408 1099 1445 ego
1123 1408 1190 1433 ero
1216 1395 1254 1433 in
1280 1394 1534 1433 adiutorium

132 1464 235 1503 tui.“
274 1463 431 1501 Taliter
451 1475 571 1500 suasa
592 1467 653 1501 est
675 1461 920 1512 olimpiadis
940 1460 1216 1499 adulterando
1237 1472 1277 1497 se
1297 1458 1349 1497 ab
1370 1458 1535 1497 homine
1555 1468 1595 1495 20

133 1529 249 1580 quasi
281 1541 305 1567 a
335 1528 424 1566 deo.

240 1594 277 1631 S.
320 1593 432 1631 Inter
470 1591 570 1630 haec
609 1590 886 1642 apprehendit
923 1603 1043 1628 aveni
1081 1590 1285 1628 marinam
1324 1587 1536 1627 suadendo

136 1658 376 1709 Philippum
400 1671 471 1708 per
496 1657 716 1694 somnium.
765 1656 919 1694 Statim
943 1655 1139 1705 apparuit
1163 1655 1211 1702 ei,
1237 1654 1355 1704 quasi
1378 1652 1538 1691 videret

135 1722 408 1763 concumbere
446 1722 695 1760 Ammonem
734 1721 858 1759 deum
897 1733 989 1758 cum
1029 1718 1262 1769 Olimpiade
1300 1731 1347 1757 ac
1384 1718 1535 1756 dicere:

228 1830 264 1864 5.
292 1828 349 1871 [Zi
375 1829 458 1869 134,
482 1828 594 1870 1—7]
618 1820 782 1860 jihnlich
803 1827 871 1859 wie
893 1826 985 1860 1200:
1006 1827 1037 1860 A
1057 1825 1086 1858 L
1105 1826 1168 1869 Sy.
1205 1824 1454 1866 Schilderung·
1473 1823 1538 1857 des

135 1877 205 1910 mit
225 1877 330 1910 einer
344 1874 618 1919 Wachspuppe
635 1871 879 1915 vollzogeiien
898 1872 1082 1906 Zaubers:
1111 1872 1165 1906 Va
1183 1873 1237 1906 Ar
1255 1871 1284 1905 Β
1304 1872 1329 1905 C
1348 1871 1406 1914 By
1424 1870 1538 1905 Aetli.

140 1945 176 1948 —
207 1925 223 1957 1
250 1922 477 1966 Olimpiadis
507 1922 555 1955 ist
585 1922 719 1956 Genet.
746 1921 883 1954 obiect.
914 1920 1021 1955 nieht
1047 1921 1234 1954 Nominat
1268 1920 1338 1953 wie
1365 1919 1425 1953 bei
1452 1918 1536 1952 La:

134 1971 333 2016 μαγεύσας
362 1970 425 2003 τὸν
449 1969 702 2012 Ολυμπιάὸος
729 1969 858 2002 ὕπνον.

229 2019 263 2053 6.
295 2017 353 2060 [Ζί
375 2018 457 2059 134,
481 2019 500 2050 8
518 2018 640 2059 —17]
668 2018 686 2049 8
718 2015 904 2049 faciamus
935 2014 981 2048 al.
1010 2013 1231 2048 arbitrium:
1253 2014 1310 2046 δεῖ
1336 2025 1416 2046 τινα
1441 2012 1540 2056 πρὸς

135 2069 248 2100 τοῦτο
284 2064 462 2108 γενέσθαι
490 2064 627 2107 σκέψιν
658 2065 709 2104 A,
733 2073 807 2096 von
841 2062 878 2095 J¹
912 2061 1165 2103 ansgelassen.
1205 2081 1241 2083 —
1277 2062 1321 2093 10
1354 2059 1537 2102 figuram:

134 2112 244 2147 Nach
272 2113 305 2146 A
335 2111 364 2144 L
393 2111 445 2155 Sy
474 2110 532 2154 By
563 2110 630 2144 soll
657 2110 724 2143 der
751 2110 846 2143 Gott
873 2108 1158 2142 naclieinander
1183 2108 1219 2141 in
1247 2105 1542 2141 verschiedener

140 2158 289 2193 Gestalt
315 2157 550 2199 erscheinen,
575 2157 630 2191 als
656 2156 856 2199 Schlange‚
886 2157 1067 2196 Ammon,
1100 2154 1299 2195 Herakles,
1333 2154 1539 2197 Dionysus,

138 2205 293 2247 zuletzt,
310 2205 378 2239 wie
394 2204 454 2239 bei
472 2205 560 2245 Leo,
576 2204 631 2238 als
646 2203 911 2238 Nektanebus.
936 2203 1045 2236 Diese
1060 2201 1395 2244 Verwandlungen
1412 2199 1537 2233 fehlen

137 2253 174 2286 in
203 2252 261 2286 Va
277 2254 330 2287 Ar
348 2252 378 2285 B
398 2252 424 2286 C
443 2251 555 2286 Aeth.
592 2272 628 2275 —
660 2253 704 2285 12
734 2250 973 2285 cubiculum:
1002 2248 1256 2283 Nektanebus
1283 2247 1353 2281 soll
1380 2246 1459 2281 sich
1487 2246 1539 2280 im

142 2299 310 2334 Gemach
340 2298 462 2333 neben
491 2299 576 2332 dem
607 2298 898 2333 Schlafzimmer
925 2296 992 2331 der
1021 2296 1221 2340 Olympias
1250 2294 1462 2329 aufhalten.

238 2349 273 2381 7.
301 2346 357 2389 [Zi
380 2348 462 2389 134,
482 2346 665 2388 22—135‚
689 2347 727 2388 6]
762 2348 804 2378 14
830 2345 999 2387 signum:
1033 2354 1108 2377 von
1133 2343 1186 2377 La
1209 2341 1538 2386 eingeklammert.

145 2415 181 2418 —
207 2393 252 2427 15
275 2393 478 2436 percussit:
501 2394 626 2437 τύψας
646 2394 763 2436 αὐτῆς
786 2395 828 2435 τῇ
851 2391 951 2435 χειρὶ
973 2391 1036 2435 τὴν
1056 2390 1212 2425 κοιλίαν.
1237 2410 1273 2413 -
1292 2391 1338 2422 16
1361 2388 1454 2422 Cum
1471 2398 1540 2421 au-

141 2443 236 2475 tem:
260 2439 409 2473 Vorher
430 2439 522 2474 wird
546 2440 584 2473 in
600 2441 633 2473 A
650 2440 678 2472 L
696 2440 747 2482 Sy
769 2438 955 2479 erwahnt,
978 2448 1053 2471 von
1076 2437 1124 2471 da
1148 2436 1196 2470 ab
1218 2436 1270 2469 sei
1286 2435 1540 2469 Nektanebus

140 2487 258 2522 ofters
279 2497 324 2520 zu
346 2485 548 2530 Olympias
571 2496 781 2530 gegangen,
815 2485 870 2519 als
902 2484 1102 2527 Selilange‚
1124 2485 1305 2524 Ammon,
1341 2481 1538 2524 Herakles,

143 2535 352 2578 Dionysus;
382 2533 535 2567 ahnlieh
563 2533 654 2568 aber
674 2532 952 2567 aussuhrlicher
983 2532 1040 2565 Va
1066 2532 1120 2565 Ar
1148 2530 1178 2564 B
1207 2530 1234 2563 C
1261 2530 1320 2573 By
1352 2528 1465 2563 Aeth.
1500 2548 1535 2551 —

140 2584 185 2616 19
209 2591 276 2625 ego
304 2591 383 2615 ero:
415 2591 443 2614 s.
467 2580 566 2614 Einl.
596 2582 639 2615 17
665 2591 700 2614 u.
729 2582 786 2614 21.

1355 2658 1400 2685 4*
