1778 2875
716 84 946 116 ,65-

127 194 373 243 Alexandri,
423 194 673 245 dedignatus
722 199 786 233 est
835 207 927 233 eam
966 207 1039 245 pro
1080 194 1292 245 parvitate
1343 191 1537 247 form[a]e

127 260 226 299 eius.

238 324 393 363 Statim
424 324 576 363 direxit
605 324 641 363 ei
671 337 834 375 speram
865 329 906 362 et
936 324 1097 374 virgam
1127 329 1362 371 curvatam,
1395 323 1465 362 sed
1496 328 1538 362 et

128 394 318 428 cantram
357 401 525 428 auream
564 393 606 427 et
643 389 863 439 epistolam
902 389 975 427 tali
1013 388 1157 427 modo:
1234 389 1354 437 „Rex
1392 401 1537 439 regum

132 459 402 502 terrenorum,
434 466 582 504 parens
613 453 721 501 solis,
754 454 825 504 qui
855 454 966 503 lycet
996 466 1079 491 una
1111 466 1204 492 cum
1237 453 1414 491 Persidis
1445 453 1535 500 diis,

130 519 286 558 famulo
316 531 407 557 meo
437 518 567 569 dirigo
596 517 809 568 gaudium.
866 517 1021 556 Audivi
1051 518 1230 568 denique
1260 518 1310 556 de
1339 522 1393 566 te,
1425 518 1536 569 quod

128 595 202 634 pro
227 596 319 622 mea
344 583 487 622 venias
511 582 726 621 inimititia
757 595 828 633 per
853 595 1007 621 vanam
1033 582 1219 632 gloriam.
1274 582 1538 633 Quapropter

130 648 311 699 precipio
343 647 418 686 tibi
449 652 618 686 turnare
648 660 834 697 gressum
866 652 907 685 et
937 647 1023 685 redi
1055 647 1105 685 ad
1137 651 1315 686 matrem
1347 652 1465 686 tuam
1497 652 1539 686 et

129 713 338 764 requiesce
362 713 403 751 in
428 712 518 751 sinu
543 712 663 750 illius.
706 711 785 763 Qui
810 712 940 750 eciam
965 712 1096 750 direxi
1121 712 1198 750 tibi
1223 724 1386 762 speram
1412 716 1538 763 atque

130 790 302 816 curvam
328 778 488 828 virgam
515 781 788 827 cantramque
816 789 998 824 auream,
1026 781 1074 815 ut
1100 789 1291 815 exerceas
1317 782 1358 815 et
1384 777 1538 827 cogites

130 842 293 881 iocandi
309 855 490 881 causam.
517 841 729 891 Cognosce
744 842 899 892 itaque,
917 842 1013 892 quia
1030 854 1186 892 pauper
1202 855 1243 880 es
1257 847 1299 880 et
1313 842 1538 880 miserrime

134 907 302 957 indiges,
341 907 409 945 sed
448 907 529 945 cito
565 906 755 957 resipisce
792 906 844 944 ab
882 906 958 945 hac
995 906 1180 945 stulticia
1216 912 1257 945 et
1293 907 1537 945 demoniaca

131 985 258 1023 quam
293 972 378 1022 agis
412 972 552 1022 gloria.
618 971 679 1009 Tu
714 971 824 1009 enim
859 972 1107 1010 coadunasti
1142 972 1347 1022 quosdam
1382 972 1538 1010 latrun—

132 1037 244 1075 culos
281 1042 322 1075 et
360 1037 421 1075 vis
459 1036 678 1086 confligere
717 1049 811 1075 cum
849 1036 1121 1075 multitudine
1161 1037 1399 1084 Persarum,
1440 1037 1538 1087 quin

132 1102 258 1140 immo
290 1102 438 1152 cogita,
470 1101 501 1139 si
532 1101 686 1151 poteris
715 1114 934 1140 numerare
965 1101 1104 1140 stellas
1135 1102 1221 1140 celi.
1283 1102 1323 1140 Si
1354 1101 1538 1140 adunare

135 1166 315 1216 potueris
362 1165 549 1204 homines
597 1166 728 1205 totius
775 1166 934 1213 mundi,
984 1180 1064 1204 non
1115 1167 1302 1217 prevales
1350 1167 1537 1205 resistere

134 1231 380 1282 plenitudini
414 1231 644 1279 Persarum,
676 1231 773 1282 quia
803 1237 1031 1282 coequatur
1061 1244 1209 1270 arenae
1239 1232 1377 1270 maris.
1432 1231 1539 1270 Tan-

138 1302 228 1335 tum
261 1296 403 1347 itaque
435 1308 582 1334 aurum
614 1296 835 1347 requiescit
867 1297 908 1334 in
943 1296 1121 1341 Persida
1159 1297 1229 1348 qui
1264 1297 1392 1335 vincit
1426 1296 1539 1335 clari-

135 1366 266 1400 tatem
288 1361 394 1399 solis.
436 1361 555 1400 Unde
577 1365 745 1412 oportet
766 1366 806 1399 te
828 1362 1012 1412 penitere
1034 1362 1073 1399 in
1096 1361 1185 1409 hoc,
1209 1362 1320 1412 quod
1343 1366 1540 1412 operatus

134 1440 188 1471 es,
218 1426 328 1477 quia,
358 1426 390 1464 si
418 1426 457 1464 in
485 1426 574 1477 ipsa
602 1426 786 1465 stulticia
816 1439 1076 1476 perseverare
1105 1427 1297 1474 volueris,
1327 1426 1458 1476 dirigo
1487 1426 1539 1464 ad

136 1497 175 1530 te
203 1490 494 1538 vindicatores,
523 1491 592 1542 qui
621 1495 661 1529 te
688 1490 1020 1542 apprehendant.
1074 1492 1165 1529 Non
1194 1491 1404 1542 quomodo
1434 1491 1540 1529 filius

134 1556 297 1606 Filippi,
342 1560 403 1594 set
446 1556 655 1606 quomodo
701 1556 930 1607 principem
965 1557 1175 1595 latronum
1208 1557 1323 1607 affigi
1358 1561 1398 1594 te
1431 1556 1539 1594 cruci

136 1621 357 1671 precipio.“

242 1685 306 1723 537.
359 1685 477 1724 Hanc
524 1685 743 1736 epistolam
792 1686 1015 1725 afferentes
1064 1686 1250 1725 homines
1300 1686 1404 1724 illius
1454 1699 1540 1736 pre-

136 1750 245 1800 cepit
281 1763 373 1788 eam
408 1750 538 1800 legere
576 1763 714 1789 coram
752 1751 835 1789 suis
872 1751 1087 1789 militibus.
1165 1751 1283 1802 Quod
1324 1751 1541 1789 audientes

136 1815 196 1853 sui
223 1814 375 1853 milites
402 1815 560 1854 tristati
587 1821 698 1854 sunt.
756 1816 917 1866 Quibus
943 1816 1198 1854 Alexander:
1252 1816 1315 1863 „O
1343 1816 1541 1854 commili-

137 1886 268 1927 toneS,
308 1880 434 1918 nolite
472 1880 633 1919 turbari
670 1881 709 1919 in
736 1880 872 1919 verbis
898 1879 1146 1934 epistol[a]e.
1203 1882 1338 1931 Quare
1361 1881 1539 1928 nescitis,

137 1945 232 1995 quia
275 1957 395 1983 canes
436 1945 617 1984 multum
659 1945 861 1984 latrantes
902 1946 1062 1984 nullum
1104 1946 1307 1984 affectum
1350 1946 1540 1984 faciunt?

136 2009 361 2047 Credamus
393 2009 548 2061 itaque,
583 2011 679 2061 quia
712 2011 935 2049 veritatem
967 2011 1068 2049 dicit
1100 2010 1174 2049 hec
1205 2011 1393 2061 epistola.
1471 2010 1540 2049 Set

138 2087 242 2124 opus
267 2079 330 2112 est
356 2074 474 2113 nobis
502 2080 667 2113 strenue
694 2080 736 2114 et
764 2076 925 2114 fortiter
952 2088 1136 2126 pugnare
1164 2088 1258 2114 cum
1285 2076 1362 2114 illis
1389 2081 1429 2114 et
1456 2088 1539 2113 non

138 2140 177 2177 in
217 2151 411 2186 vacuum,
451 2140 547 2190 quia
586 2138 793 2193 diviti[a]e
832 2140 996 2179 illorum
1035 2141 1291 2191 compellunt
1329 2153 1403 2178 nos
1443 2153 1541 2191 pug-

207 2213 386 2268 H3=3⁷ach
418 2233 553 2268 direxit
587 2235 623 2268 in
647 2235 701 2268 Ba
722 2235 848 2269 Rasur
876 2234 1108 2279 (direxitque
1142 2236 1293 2279 ιιι-ἕρπ’),
1313 2235 1344 2268 ei
1378 2235 1543 2269 daruber

136 2280 393 2323 geschrieben.
434 2302 468 2304 -
500 2283 519 2313 6
546 2281 690 2315 Audivi
829 2281 1006 2324 gloriam:
1036 2282 1131 2316 fehlt
1158 2283 1195 2316 in
1225 2295 1272 2324 (0,
1302 2292 1373 2316 nur
1402 2283 1465 2325 Sy.
1502 2304 1537 2306 —

140 2330 180 2360 18
211 2327 274 2371 qui
304 2327 422 2362 vincit
442 2328 485 2362 cl.
507 2339 555 2364 s.:
580 2329 733 2363 ahnlieh
759 2330 827 2373 Sy;
854 2330 952 2363 ὥστε
993 2333 1116 2363 πᾶσαν
1143 2330 1206 2373 τὴν
1233 2333 1300 2374 γῆν
1326 2333 1541 2373 καταστρώ-

137 2387 199 2409 σαι
239 2388 280 2408 ω.
319 2395 354 2398 -
388 2375 545 2409 Warum
590 2376 726 2410 Darius
762 2375 848 2409 deni
892 2376 948 2410 Al.
993 2377 1052 2410 die
1087 2376 1281 2411 einzelnen
1319 2376 1542 2411 (leschenke

137 2421 300 2463 sehickt,
330 2421 419 2463 geht
452 2432 520 2456 aus
546 2423 620 2457 Leo
654 2423 712 2457 bei
742 2423 809 2456 der
838 2424 960 2457 K'urze
999 2423 1101 2457 nieht
1130 2423 1297 2458 deutlich
1324 2424 1472 2458 hervor.
1503 2424 1541 2458 ιΙι

139 2469 206 2503 hat
232 2468 291 2502 die
319 2468 432 2502 Satze
457 2469 522 2503 des
556 2470 699 2504 Brieses
733 2470 965 2510 unigestellt.

237 2545 751 2589 37.[Zi1154,8—155‚8j29
767 2519 825 2601 se‘i
838 2547 906 2582 Ba.

209 2639 231 2665 Ρ
244 2639 317 2666 fist
329 2646 343 2665 e
355 2647 382 2671 r,
404 2639 722 2668 Alexanderroman.
1362 2643 1378 2668 5

1564 793 1599 819 10

1561 918 1650 944 55L

1565 1113 1598 1140 15

1566 1178 1588 1203 Β
1620 1178 1674 1203 198
1688 1179 1707 1203 d

1566 1762 1604 1789 25

1563 2094 1601 2119 30
