1778 2875
723 116 953 150 -73-

138 226 251 265 milia
277 231 319 265 et
343 226 621 265 ascenderunt
645 239 813 265 murum
839 231 880 265 et
905 231 1132 265 tenuerunt
1157 239 1252 265 eum
1277 231 1405 277 atque
1431 226 1543 264 dixe-

137 295 254 330 runt:
290 291 567 339 „Alexanden
587 291 619 330 si
636 304 720 329 non
736 291 893 330 recedis
911 304 934 330 a
951 291 1085 339 nobis,
1105 303 1341 342 pugnamus
1359 291 1542 329 tecum.“

141 356 231 394 Hoc
263 356 408 395 audito
440 356 676 395 Alexander
708 369 780 394 rex
814 355 984 394 subrisit
1017 360 1058 394 et
1091 356 1215 394 dixit:
1281 355 1544 403 „Fortissimi

137 420 289 459 milites
312 426 410 459 sunt
431 420 606 468 Thebei;
631 421 869 459 clauserunt
891 433 932 459 se
954 421 1065 459 intra
1087 425 1230 471 portas
1253 425 1295 458 et
1317 420 1373 458 sic
1396 420 1542 459 dicunt

138 498 322 536 pugnare
346 486 553 524 mecum.“
601 485 836 524 Alexander
871 485 996 523 dixit:
1047 485 1328 533 „Nullomodo
1363 485 1542 524 movebo

138 549 245 598 hinc,
269 555 331 589 set
353 550 474 589 stabo
496 555 537 588 et
558 549 755 601 pugnabo
778 554 923 588 contra
945 562 1033 597 vos,
1058 562 1139 587 non
1173 549 1383 600 quomodo
1417 550 1544 588 fortes

137 620 211 653 aut
238 615 462 662 eivitonici,
491 619 553 653 set
581 615 791 665 quomodo
818 615 961 652 rustici
990 619 1031 653 et
1059 615 1144 652 sine
1172 614 1344 652 virtute.
1398 614 1542 652 Omnis

137 678 261 718 homo
292 679 423 727 fortis,
455 680 526 731 qui
555 692 739 730 pugnare
769 679 873 726 vult,
905 679 944 717 in
976 691 1171 729 campum
1202 679 1300 723 exit,
1333 679 1430 729 quia
1460 692 1542 717 non

137 744 344 783 clauditur
378 745 491 783 intus
524 744 669 783 urbem
705 743 915 795 quomodo
949 744 1105 794 virgo.“

247 809 318 848 Set
350 808 428 847 hoc
460 809 634 848 dicendo
668 809 880 860 praecepit
912 809 1022 847 mille
1055 808 1267 859 equitibus
1300 809 1383 846 suis
1417 809 1540 858 sagit—

138 874 266 921 tanis,
298 874 369 925 qui
399 874 619 912 circuirent
648 886 815 912 murum
845 879 887 912 et
917 874 1167 923 sagittarent
1198 872 1386 911 homines
1416 873 1544 924 ipsius

137 939 333 977 civitatis.
378 939 594 989 Praecepit
617 939 768 977 iterum
791 939 873 977 duo
897 939 1009 977 milia
1033 938 1236 976 militibus
1259 939 1354 986 suis,
1380 943 1426 976 ut
1450 951 1543 976 eum

137 1003 347 1042 securibus
416 1001 487 1056 [et]
553 1008 693 1042 vectes
754 1004 904 1042 ferreos
964 1008 1206 1054 rumperent
1267 1003 1544 1042 fundamenta

136 1069 256 1116 muri,
285 1081 388 1119 quas
416 1069 651 1107 construxit
678 1069 881 1107 Anfionos
909 1073 950 1106 et
979 1067 1116 1115 Zithu,
1146 1073 1187 1106 et
1221 1068 1309 1106 aliis
1348 1068 1544 1119 quadrin-

135 1134 269 1183 gentis
294 1133 518 1184 praecepit,
546 1138 593 1172 ut
619 1134 726 1172 irent
752 1146 845 1172 eum
873 1133 1117 1172 ardentibus
1145 1133 1313 1171 saeculis
1339 1138 1381 1171 et
1406 1133 1543 1171 incen-

136 1198 281 1237 ‹lerent
300 1203 442 1249 portas
462 1198 646 1237 civitatis
663 1203 704 1237 et
720 1199 799 1237 alia
816 1199 894 1237 tria
914 1199 1025 1237 milia
1041 1198 1266 1245 ordinavit,
1288 1203 1335 1236 ut
1355 1203 1542 1249 percute-

135 1268 228 1302 rent
248 1276 414 1302 murum
438 1275 531 1301 cum
554 1263 802 1302 verbicibus.
848 1264 901 1302 Et
924 1264 1009 1314 ipse.
1032 1263 1268 1302 Alexander
1290 1276 1384 1301 cum
1408 1263 1542 1301 fundi-

136 1328 302 1367 balariis
331 1333 457 1379 atque
487 1328 713 1378 sagittariis
742 1329 948 1378 ingressus
976 1333 1039 1366 est
1068 1328 1298 1367 civitatem.
1357 1325 1541 1380 Port[a]e
1574 1342 1582 1347 ·

135 1398 277 1431 autem
302 1393 486 1431 civitatis
509 1393 715 1432 ardebant
739 1398 780 1432 et
804 1393 948 1444 populi
971 1393 1021 1432 de
1045 1406 1164 1431 muro
1189 1393 1397 1432 cadebant
1422 1392 1543 1431 multi

135 1457 348 1496 moriendo
385 1463 427 1496 et
463 1458 531 1497 alii
568 1472 616 1496 ex
655 1471 774 1497 muro
811 1459 975 1509 lapsum
1014 1458 1216 1497 faciende.
1292 1457 1543 1496 Stisiehorus

135 1523 324 1561 inimicus
371 1522 594 1573 gaudebat,
644 1523 854 1574 quomodo
903 1523 1075 1561 videbat
1122 1523 1284 1561 liberari
1324 1523 1542 1561 eivitatem

134 1600 183 1626 ex
229 1588 430 1626 effusione
473 1588 698 1638 sanguinis.

248 1652 427 1703 Quidam
482 1651 605 1691 homo
660 1653 844 1692 eiusdem
901 1651 1069 1706 terr[a]e
1127 1654 1305 1691 Isminea
1362 1653 1541 1694 nomino,

135 1717 357 1756 melodiam
386 1717 552 1765 faciens,
583 1718 727 1756 videns
756 1718 946 1769 dissipari
974 1718 1155 1769 patriam
1184 1731 1302 1757 suam
1331 1718 1543 1768 suspirans

135 1787 262 1833 atque
299 1787 498 1833 reputans
539 1796 607 1833 per
646 1788 778 1822 artem
818 1783 1019 1822 musicam
1061 1783 1191 1821 faeere
1230 1783 1455 1833 ingenium,
1497 1787 1539 1820 ut

228 1903 243 1933 ’1
283 1902 489 1934 tenuerunt
525 1901 592 1937 <sio
630 1900 772 1935 hielten
809 1901 990 1943 hesetztj:
1033 1903 1283 1935 tentaverunt
1321 1912 1437 1935 verm.
1477 1901 1540 1934 La.

143 1968 176 1970 —-
209 1949 228 1980 3
267 1947 400 1981 audito
436 1947 534 1981 korr.
573 1948 628 1982 Ba
665 1958 734 1981 aus
759 1948 903 1982 audita.
938 1969 972 1972 μ
1002 1949 1022 1981 5
1047 1948 1267 1982 Alexander
1298 1948 1413 1983 flixit:
1448 1947 1540 1981 fehlt

135 1995 171 2027 in
201 2008 231 2028 ω
251 1994 309 2034 ]1;
338 1993 415 2028 also
443 1994 633 2029 vielleicht
663 2007 706 2029 zu
737 1995 869 2038 tilgen:
899 1995 991 2029 aber
1018 1995 1091 2039 vgl.
1123 1995 1137 2029 Ι
1162 1997 1206 2030 18
1230 1997 1416 2040 p.57‚21:
1444 1996 1540 2029 Item

135 2040 360 2075 Alexander.
404 2063 437 2065 -ὴ
476 2043 496 2075 6
530 2045 586 2076 set
621 2043 658 2076 in
693 2042 758 2076 sed
786 2043 885 2076 korr.
917 2043 984 2077 Ba.
1015 2064 1049 2066 —
1078 2046 1095 2078 7
1120 2043 1332 2077 civitoniri:
1365 2043 1432 2076 Dio
1450 2043 1541 2076 Vor-

135 2088 214 2131 lage
253 2087 322 2122 bot
354 2088 452 2122 wohl
481 2090 706 2134 πολυνίκηζς
735 2091 766 2124 A
808 2090 923 2132 (πάϊ)
955 2089 1031 2124 und
1062 2091 1115 2124 Ar
1143 2090 1301 2133 (πόλεις)
1343 2089 1539 2126 verderbt:

135 2149 166 2169 ω
216 2134 336 2169 bietet
385 2136 519 2170 nichts.
571 2158 603 2160 -
659 2140 678 2170 8
720 2137 813 2170 exiit
862 2137 897 2170 in
950 2139 1063 2171 exeat
1113 2138 1212 2171 korr.
1252 2137 1325 2174 Ba:
1369 2138 1447 2171 exit
1490 2137 1540 2171 La

135 2182 230 2216 nach
263 2182 314 2215 J1.
351 2204 385 2206 -
419 2185 438 2217 9
467 2184 571 2217 intus
599 2184 697 2217 korr.
729 2184 785 2218 Ba
825 2184 860 2217 in
890 2185 1008 2225 intra;
1049 2185 1152 2218 intus
1189 2184 1240 2218 .J¹.
1274 2206 1308 2207 j
1351 2187 1392 2218 lO
1423 2184 1540 2219 mille:

133 2229 272 2263 ebenso
304 2241 350 2270 (03
382 2232 476 2264 4000
504 2231 548 2264 A.
588 2252 621 2255 -—
657 2234 700 2265 12
732 2231 807 2265 duo
840 2231 958 2266 milia:
990 2231 1129 2265 ebenso
1159 2232 1191 2265 A
1212 2232 1263 2276 Sy
1283 2231 1359 2275 1353
1394 2234 1485 2265 1000
1516 2233 1542 2264 (2

138 2276 163 2309 11
180 2277 249 2317 Ar3
277 2276 370 2310 fehlt
396 2277 432 2310 in
458 2277 527 2311 Va,
562 2299 597 2302 -
630 2280 671 2312 14
699 2288 811 2323 quas:
839 2289 938 2323 quae
964 2278 1067 2312 verb.
1098 2278 1161 2313 La.
1196 2299 1231 2302 —
1261 2279 1440 2313 ansionos
1466 2279 1540 2319 Bm,

133 2335 160 2357 s,
190 2323 287 2357 Einl.
315 2325 371 2357 19.
406 2345 440 2348 -
471 2325 778 2369 quadringentis:
805 2325 944 2359 ebenso
973 2326 1042 2370 Sy:
1069 2325 1166 2359 fehlt
1193 2326 1229 2359 in
1256 2340 1297 2360 ω.
1334 2347 1367 2349 -
1397 2327 1441 2360 16
1470 2326 1542 2359 tria

136 2370 254 2405 milia:
280 2370 376 2404 fehlt
402 2371 438 2404 in
465 2386 507 2406 ω.
542 2393 577 2395 -
606 2376 648 2407 17
677 2372 962 2408 fundibalariis:
991 2374 1061 2407 mit
1086 2376 1181 2407 11000
1207 2373 1303 2407 nach
1333 2385 1380 2415 ω;
1408 2376 1452 2407 ’10
1471 2376 1541 2406 000

135 2417 231 2451 nach
260 2417 323 2462 Sy.
357 2438 392 2441 —
422 2421 466 2452 20
495 2419 744 2454 Stisichorus:
771 2430 800 2453 s,
828 2419 927 2454 Einl.
955 2422 1018 2459 232
1046 2420 1166 2454 daher
1190 2420 1239 2454 ist
1266 2420 1363 2455 auch
1389 2419 1539 2454 liberari

135 2464 239 2499 nicht
260 2464 357 2498 nach
381 2464 421 2498 ,11
440 2465 478 2499 in
498 2465 672 2510 dissipari
694 2478 738 2501 zu
758 2466 918 2508 andern,
938 2478 1016 2501 was
1036 2467 1103 2501 der
1123 2467 1346 2501 Bearbeiter
1365 2478 1434 2501 aus
1455 2467 1540 2500 deni

134 2511 335 2555 folgenden
369 2511 543 2556 dissipari
577 2516 825 2548 entnommen
860 2514 940 2548 hat.
984 2535 1019 2537 —
1053 2517 1098 2549 23
1135 2514 1318 2550 Isminea:
1356 2514 1542 2548 Ismenias

132 2561 304 2602 genannt
339 2559 375 2592 in
410 2559 514 2593 AAr
532 2559 607 2604 By;
644 2560 739 2595 fehlt
774 2561 811 2594 in
848 2561 1004 2605 CLSy.
1050 2582 1083 2585 ἡ
1123 2562 1166 2595 25
1203 2564 1388 2606 reputans
1423 2563 1541 2605 atque

132 2607 329 2650 suspirans
362 2605 434 2645 Ba;
467 2606 571 2640 verb.
605 2607 670 2642 La.
713 2628 745 2631 —
782 2610 825 2642 25
859 2609 1062 2643 musicam:
1099 2607 1299 2643 Schluss-ni
1331 2609 1367 2641 in
1402 2609 1538 2642 Rasur.

1568 818 1603 846 10

1570 1141 1603 1167 15

1571 1212 1593 1236 Β
1619 1211 1673 1237 201
1699 1218 1713 1235 c

1564 1791 1602 1816 25
