1778 2875
36 829 179 856 81960

33 1148 116 1175 46L
146 1150 180 1176 15

800 120 1026 153 —58—

205 229 343 279 ipsum
380 228 512 267 nescis
550 233 615 277 tu3
654 234 807 270 natura
844 232 953 270 enim
991 245 1084 271 mea
1121 233 1496 285 inreprehensibilis
1533 240 1608 275 est.

205 294 363 332 Tamen
394 293 460 332 dic
488 293 590 332 mihi
620 295 861 334 veritatem:
895 309 1022 347 quare
1051 298 1093 335 in
1123 297 1197 336 has
1227 303 1366 349 partes
1396 300 1548 339 venisti
1564 301 1608 339 ?“

206 358 280 397 Cui
299 358 554 397 Alexander:
593 359 785 407 „Recede
805 373 828 399 a
846 373 925 410 me⁷
947 374 969 399 0
988 361 1126 411 homo,
1147 363 1244 414 quia
1262 377 1396 415 neque
1417 369 1462 403 tu
1482 364 1610 404 habes

206 423 363 474 aliquid
385 423 608 462 adversum
630 437 709 472 me,
732 438 807 464 nec
829 438 902 476 ego
925 426 1147 465 adversum
1170 428 1252 466 te.“
1298 428 1345 467 In
1368 428 1446 468 hoc
1468 434 1609 469 autem

206 488 336 526 iratus
370 492 432 526 est
466 488 588 527 valde
625 489 819 529 Nicolaus
853 495 894 529 et
929 491 1076 544 dixit:⁴
1122 492 1269 541 „Vide
1306 494 1418 544 quali
1453 493 1610 534 homini

204 552 369 603 loquor!
398 552 473 591 Per
488 553 764 593 salvationem
779 555 868 594 iuro
882 556 1013 606 patris
1027 557 1120 605 mei⁷
1137 557 1169 595 si
1183 557 1387 608 impetum
1403 557 1609 612 spum[a]e

205 617 306 656 eicio
329 618 369 656 in
395 618 541 656 faciem
565 619 664 666 eius,
688 620 930 659 morietur.“
977 621 1032 659 Et
1054 622 1200 672 expuit
1223 622 1275 661 ad
1299 636 1393 661 eum
1417 628 1459 662 et
1482 624 1607 663 dixit:

206 682 347 730 7‚Tolle
387 681 477 731 hoc7
519 683 628 734 quod
671 684 747 722 tibi
786 685 918 733 decet,
959 686 1109 734 catule,
1151 687 1348 738 accipere,
1390 688 1488 739 quia
1526 701 1609 727 non

204 747 452 786 erubescis.“
506 748 577 786 Ille
604 753 745 787 autem
773 750 1025 789 continendo
1052 764 1092 789 se
1120 752 1348 790 secundum
1375 752 1609 792 doctrinam

206 812 444 851 nativitatis
471 826 567 851 suae
593 813 717 852 dixit:
767 815 977 863 „Nicolae‚
1003 816 1092 854 iuro
1117 816 1193 855 tibi
1219 817 1447 856 secundum
1473 822 1609 868 pater-

204 890 303 915 nam
332 877 604 916 nativitatem
632 891 769 917 meam
798 884 840 918 et
868 893 939 930 per
968 885 1132 919 uterum
1162 882 1308 920 matris
1336 895 1453 921 meae
1481 895 1504 921 3
1533 882 1609 921 deo

206 947 469 993 conceptum,
489 943 586 993 quia
604 948 645 981 et
662 942 727 981 hic
746 957 815 994 per
834 958 976 984 currea
993 958 1107 984 arma
1126 947 1291 985 vincam
1311 951 1351 985 te
1369 951 1411 985 et
1428 947 1608 998 patriam

206 1012 325 1046 tuam
342 1020 413 1058 per
431 1020 547 1046 arma
566 1007 797 1059 subiugabo
815 1009 959 1048 mihi.“
981 1010 1035 1048 Et
1053 1012 1233 1061 separati
1249 1016 1346 1050 sunt
1361 1011 1607 1051 abinvicem.

315 1073 376 1112 19.
425 1072 479 1110 Et
504 1078 599 1123 post
623 1086 777 1124 paucos
802 1074 887 1113 dies
912 1075 1028 1113 venit
1052 1076 1307 1114 constitutus
1332 1076 1432 1124 dies,
1458 1077 1499 1115 in
1525 1089 1607 1128 quo

208 1137 419 1175 coniuncti
453 1142 551 1175 sunt
585 1137 709 1176 ambo
743 1139 795 1177 ad
830 1152 1026 1190 pugnam.
1095 1140 1360 1180 Sonaverunt
1393 1141 1517 1180 tubas
1551 1142 1609 1181 fa-

204 1202 358 1240 cientes
390 1202 552 1252 signum
584 1203 812 1253 pugnandi,
845 1209 887 1242 et
918 1217 1060 1243 omnes
1092 1206 1344 1244 unanimiter
1375 1207 1481 1245 moti
1512 1211 1610 1245 sunt

204 1267 411 1317 iungendo
454 1280 493 1306 se
535 1268 587 1306 ad
630 1281 833 1318 pugnam3
877 1282 980 1320 quos
1022 1282 1165 1309 omnes
1204 1271 1439 1309 Alexander
1480 1284 1607 1310 manu

203 1332 370 1383 propria
403 1332 568 1371 occidit.
635 1333 716 1372 Ubi
750 1334 851 1372 vicit
884 1335 1016 1385 ipsam
1051 1347 1248 1385 pugnam,
1284 1336 1383 1374 ordo
1417 1336 1610 1375 militaris

204 1397 421 1436 coronavit
436 1410 530 1435 eum
547 1402 589 1436 et
605 1398 786 1437 caballos
809 1399 908 1444 eius,
932 1404 974 1438 et
995 1400 1047 1438 ad
1071 1405 1232 1450 patrem
1266 1414 1386 1439 suum
1420 1413 1609 1439 reversus

144 1474 185 1500 20
207 1466 269 1500 est
299 1475 393 1500 cum
424 1462 612 1501 victoria.

142 1795 181 1821 25

312 1526 374 1565 20.
428 1527 677 1579 Invenitque
722 1528 975 1580 Philippum,
1018 1534 1180 1580 patrem
1220 1543 1353 1577 suum,
1397 1530 1607 1581 quomodo

205 1592 323 1630 eiecit
364 1596 543 1630 matrem
587 1606 704 1631 suam
748 1598 790 1632 et
833 1594 1008 1633 sociavit
1051 1594 1127 1633 sibi
1170 1595 1385 1633 cuiusdam
1429 1594 1610 1634 hominis

206 1656 334 1695 filiam
362 1658 530 1695 nomine
559 1657 836 1709 Cleopatram.
895 1659 949 1697 Et
978 1660 1034 1698 sic
1063 1659 1208 1698 sedens
1236 1660 1276 1698 in
1306 1660 1485 1711 nuptiali
1514 1672 1607 1698 con-

204 1722 316 1760 vivio
348 1722 556 1772 ingressus
589 1728 652 1761 est
683 1723 920 1763 Alexander
954 1729 995 1762 et
1028 1725 1152 1763 dixit:
1218 1725 1384 1773 ‚‚Pater‚
1418 1725 1553 1776 recipe
1585 1737 1606 1763 3

205 1799 270 1825 me
307 1786 357 1825 de
394 1787 519 1837 priori
555 1800 647 1827 mea
685 1801 824 1839 pugna
871 1789 1127 1828 victorialem
1171 1802 1379 1828 coronam.
1451 1790 1607 1828 Tamen

203 1851 372 1903 quando
409 1851 692 1891 celebraturus
730 1866 821 1892 sum
858 1854 1028 1904 nuptias
1064 1854 1210 1893 matris
1246 1867 1363 1893 meae
1400 1854 1608 1905 iungendo

204 1917 259 1954 illi
285 1929 422 1967 regem
450 1918 664 1966 maritum,
692 1923 739 1956 tu
768 1919 807 1956 in
835 1919 934 1969 ipsis
960 1919 1118 1970 nuptiis
1146 1919 1350 1957 invitatus
1376 1932 1460 1957 non
1487 1919 1605 1958 eris.“

294 2025 313 2057 6
340 2024 412 2057 Per
436 2023 550 2058 salv..
569 2052 600 2058 ..
626 2024 827 2059 morietur:
856 2024 952 2058 fehlt
977 2025 1015 2058 in
1044 2037 1090 2065 ⁶03
1119 2035 1189 2058 nur
1217 2025 1286 2069 Sy:
1317 2024 1450 2066 „Beim
1480 2024 1606 2059 Leben

202 2071 344 2104 meines
376 2071 533 2104 Vaters!
586 2072 708 2105 Wenn
743 2071 840 2105 auch
876 2082 948 2106 nur
978 2072 1100 2115 einige
1134 2071 1407 2115 hingespritzte
1440 2072 1606 2106 Wasser-

203 2117 356 2161 tropsen
389 2118 518 2152 seinen
543 2118 662 2152 Mund
695 2118 762 2153 aus
792 2119 933 2152 seinem
960 2119 1106 2162 Vv'agen
1138 2119 1332 2153 erreichen
1363 2118 1534 2161 wardon,
1565 2129 1606 2153 so

200 2164 331 2199 wi'irde
361 2164 458 2199 doch
488 2165 590 2199 seine
622 2165 726 2199 Seele
755 2165 873 2200 sehon
902 2176 971 2200 aus
999 2166 1140 2200 seinem
1173 2166 1286 2200 Leibe
1316 2165 1536 2200 seheiden.’'
1567 2186 1603 2190 —

202 2214 221 2244 ‘J
243 2212 497 2247 continendo:
539 2213 560 2245 ὁ
595 2213 636 2246 δὲ
677 2212 918 2257 Ἀλέξανδρος
955 2213 1228 2257 δεδιδαγμένος
1271 2214 1325 2247 ὢν
1356 2217 1420 2257 τῆς
1449 2213 1607 2257 φύσεως

200 2260 501 2303 ἑγκρατεύεσθαι
534 2261 584 2301 Λς
619 2259 772 2294 3111111011
809 2272 856 2301 ω;
891 2260 987 2294 fehlt
1012 2260 1074 2304 Sy.
1106 2281 1141 2284 —
1169 2263 1213 2293 10
1247 2261 1329 2294 iuro
1446 2270 1605 2305 concep-

202 2308 303 2340 tum:
329 2306 480 2340 'ahnlich
507 2318 555 2347 ως
580 2306 676 2340 fehlt
701 2307 731 2340 B
751 2307 776 2340 C
795 2307 834 2340 L.

303 2355 358 2388 19.
381 2353 438 2395 [Zi
460 2356 543 2390 142.
566 2356 607 2388 21
622 2356 748 2395 -143,
769 2356 805 2396 5]
834 2354 877 2388 111
901 2368 932 2388 ω
950 2354 1073 2388 lantet
1094 2353 1162 2387 das
1184 2355 1281 2398 lx'ap.
1303 2353 1457 2389 anders:
1483 2354 1605 2388 Wett-

202 2400 306 2434 sahrt
339 2400 577 2435 Alexanders
612 2401 681 2435 mit
716 2401 806 2435 acht
840 2401 1006 2435 anderen
1040 2401 1364 2444 Wagenlenkerm
1403 2400 1488 2444 Sieg
1519 2400 1604 2436 Ale-

201 2447 366 2481 xanders
381 2448 456 2481 und
475 2447 555 2481 Tod
572 2447 638 2482 des
657 2448 861 2490 Nilzolaus3
886 2448 981 2482 uber
997 2448 1035 2481 J¹
1060 2458 1087 2482 s.
1106 2447 1202 2481 Einl.
1219 2448 1267 2483 2f.
1309 2447 1506 2482 Geradezu
1533 2447 1604 2481 den

201 2493 414 2528 Charakter
441 2495 542 2529 einer
570 2495 753 2530 Schlacht
786 2496 855 2530 hat
883 2495 942 2529 die
969 2495 1136 2540 Episode
1164 2495 1200 2529 in
1232 2496 1283 2539 Sy
1312 2504 1603 2538 angenommen.

301 2542 360 2576 20.
386 2541 443 2583 [Ζί
471 2544 554 2583 143,
580 2543 716 2584 6—12]
752 2545 794 2578 27
824 2543 902 2576 inv.
931 2552 1005 2576 non
1031 2542 1118 2577 eris:
1146 2552 1186 2575 so
1213 2541 1310 2577 auch
1350 2542 1420 2586 Sy3
1456 2542 1606 2576 καλέσω

201 2601 244 2622 σε
280 2589 335 2628 εἰς
359 2589 449 2629 τοὺς
476 2590 575 2633 ἐμῆς
601 2590 746 2634 μητρὸς
772 2589 925 2634 γάμους
952 2590 996 2631 A,
1026 2589 1176 2623 a'hnlich
1208 2603 1251 2623 (ι).
