<?xml version="1.0" encoding="UTF-8"?>
<!DOCTYPE html PUBLIC "-//W3C//DTD XHTML 1.0 Transitional//EN"
    "http://www.w3.org/TR/xhtml1/DTD/xhtml1-transitional.dtd">
<html xmlns="http://www.w3.org/1999/xhtml" xml:lang="en" lang="en">
 <head>
  <title>
</title>
<meta http-equiv="Content-Type" content="text/html;charset=utf-8" />
  <meta name='ocr-system' content='tesseract 3.04.00' />
  <meta name='ocr-capabilities' content='ocr_page ocr_carea ocr_par ocr_line ocrx_word'/>
</head>
<body>
  <div class='ocr_page' id='page_1' title='image "./deralexanderroma00leoauoft_0062.png"; bbox 0 0 1778 2875; ppageno 0'>
   <div class='ocr_carea' id='block_1_1' title="bbox 215 493 234 519">
    <p class='ocr_par' dir='ltr' id='par_1_1' title="bbox 215 493 234 519">
     <span class='ocr_line' id='line_1_1' title="bbox 215 493 234 519; baseline 0 -2"><span class='ocrx_word' id='word_1_1' title='bbox 215 493 234 519; x_wconf 83' lang='lat'><strong>5</strong></span> 
     </span>
    </p>
   </div>
   <div class='ocr_carea' id='block_1_2' title="bbox 853 105 1078 139">
    <p class='ocr_par' dir='ltr' id='par_1_2' title="bbox 853 105 1078 139">
     <span class='ocr_line' id='line_1_2' title="bbox 853 105 1078 139; baseline 0 -9"><span class='ocrx_word' id='word_1_2' title='bbox 853 105 1078 139; x_wconf 72' lang='lat'>—50—</span> 
     </span>
    </p>
   </div>
   <div class='ocr_carea' id='block_1_3' title="bbox 257 214 1664 657">
    <p class='ocr_par' dir='ltr' id='par_1_3' title="bbox 257 214 1664 657">
     <span class='ocr_line' id='line_1_3' title="bbox 259 214 1663 270; baseline 0.004 -17"><span class='ocrx_word' id='word_1_3' title='bbox 259 214 454 254; x_wconf 87' lang='lat' dir='ltr'>horarum</span> <span class='ocrx_word' id='word_1_4' title='bbox 484 228 534 254; x_wconf 86' lang='lat' dir='ltr'>ex</span> <span class='ocrx_word' id='word_1_5' title='bbox 565 220 659 254; x_wconf 88' lang='lat' dir='ltr'>octo</span> <span class='ocrx_word' id='word_1_6' title='bbox 688 215 896 267; x_wconf 81' lang='lat' dir='ltr'>lapidibus</span> <span class='ocrx_word' id='word_1_7' title='bbox 927 217 1161 266; x_wconf 79' lang='lat' dir='ltr'>artificatis,</span> <span class='ocrx_word' id='word_1_8' title='bbox 1192 230 1263 268; x_wconf 90' lang='lat' dir='ltr'>per</span> <span class='ocrx_word' id='word_1_9' title='bbox 1294 231 1397 269; x_wconf 88' lang='lat' dir='ltr'>quas</span> <span class='ocrx_word' id='word_1_10' title='bbox 1427 219 1663 270; x_wconf 71' lang='lat' dir='ltr'><strong>composuit</strong></span> 
     </span>
     <span class='ocr_line' id='line_1_4' title="bbox 258 279 1662 334; baseline 0.003 -16"><span class='ocrx_word' id='word_1_11' title='bbox 258 279 510 334; x_wconf 91' lang='lat' dir='ltr'>hominem†.</span> <span class='ocrx_word' id='word_1_12' title='bbox 571 280 769 332; x_wconf 75' lang='lat' dir='ltr'>Dixitque</span> <span class='ocrx_word' id='word_1_13' title='bbox 799 281 856 320; x_wconf 86' lang='lat' dir='ltr'>illi</span> <span class='ocrx_word' id='word_1_14' title='bbox 886 281 1150 333; x_wconf 88' lang='lat' dir='ltr'>Olimpiadis:</span> <span class='ocrx_word' id='word_1_15' title='bbox 1210 282 1283 331; x_wconf 85' lang='lat' dir='ltr'>„Si</span> <span class='ocrx_word' id='word_1_16' title='bbox 1312 283 1388 331; x_wconf 85' lang='lat' dir='ltr'>vis,</span> <span class='ocrx_word' id='word_1_17' title='bbox 1419 287 1468 322; x_wconf 91' lang='lat' dir='ltr'>ut</span> <span class='ocrx_word' id='word_1_18' title='bbox 1496 283 1662 322; x_wconf 89' lang='lat' dir='ltr'>credam</span> 
     </span>
     <span class='ocr_line' id='line_1_5' title="bbox 259 344 1659 399; baseline 0.003 -16"><span class='ocrx_word' id='word_1_19' title='bbox 259 344 349 393; x_wconf 85' lang='lat' dir='ltr'>tibi,</span> <span class='ocrx_word' id='word_1_20' title='bbox 381 345 446 383; x_wconf 92' lang='lat' dir='ltr'>dic</span> <span class='ocrx_word' id='word_1_21' title='bbox 474 344 575 383; x_wconf 92' lang='lat' dir='ltr'>mihi</span> <span class='ocrx_word' id='word_1_22' title='bbox 605 358 762 384; x_wconf 89' lang='lat' dir='ltr'>annum</span> <span class='ocrx_word' id='word_1_23' title='bbox 792 350 834 384; x_wconf 91' lang='lat' dir='ltr'>et</span> <span class='ocrx_word' id='word_1_24' title='bbox 862 346 971 385; x_wconf 90' lang='lat' dir='ltr'>diem</span> <span class='ocrx_word' id='word_1_25' title='bbox 1001 351 1043 385; x_wconf 91' lang='lat' dir='ltr'>et</span> <span class='ocrx_word' id='word_1_26' title='bbox 1072 345 1217 385; x_wconf 89' lang='lat' dir='ltr'>horam</span> <span class='ocrx_word' id='word_1_27' title='bbox 1246 347 1485 387; x_wconf 90' lang='lat' dir='ltr'>nativitatis</span> <span class='ocrx_word' id='word_1_28' title='bbox 1513 348 1659 399; x_wconf 86' lang='lat' dir='ltr'>regis.“</span> 
     </span>
     <span class='ocr_line' id='line_1_6' title="bbox 257 408 1664 463; baseline 0.004 -16"><span class='ocrx_word' id='word_1_29' title='bbox 257 409 322 448; x_wconf 93' lang='lat' dir='ltr'>Ad</span> <span class='ocrx_word' id='word_1_30' title='bbox 363 408 465 448; x_wconf 88' lang='lat' dir='ltr'>haec</span> <span class='ocrx_word' id='word_1_31' title='bbox 507 409 773 448; x_wconf 88' lang='lat' dir='ltr'>Nectanebus</span> <span class='ocrx_word' id='word_1_32' title='bbox 813 411 922 462; x_wconf 85' lang='lat' dir='ltr'>cepit</span> <span class='ocrx_word' id='word_1_33' title='bbox 963 416 1206 462; x_wconf 85' lang='lat' dir='ltr'>computare</span> <span class='ocrx_word' id='word_1_34' title='bbox 1246 412 1517 452; x_wconf 75' lang='lat' dir='ltr'><strong>nativitatem</strong></span> <span class='ocrx_word' id='word_1_35' title='bbox 1557 413 1664 463; x_wconf 80' lang='lat' dir='ltr'>regis</span> 
     </span>
     <span class='ocr_line' id='line_1_7' title="bbox 260 474 1660 528; baseline 0.003 -16"><span class='ocrx_word' id='word_1_36' title='bbox 260 479 302 513; x_wconf 89' lang='lat' dir='ltr'>et</span> <span class='ocrx_word' id='word_1_37' title='bbox 318 474 502 513; x_wconf 87' lang='lat' dir='ltr'>eiusdem</span> <span class='ocrx_word' id='word_1_38' title='bbox 514 475 677 525; x_wconf 86' lang='lat' dir='ltr'>reginae</span> <span class='ocrx_word' id='word_1_39' title='bbox 691 475 866 514; x_wconf 89' lang='lat' dir='ltr'>dicendo</span> <span class='ocrx_word' id='word_1_40' title='bbox 883 476 1002 515; x_wconf 89' lang='lat' dir='ltr'>talia:</span> <span class='ocrx_word' id='word_1_41' title='bbox 1022 477 1085 524; x_wconf 77' lang='lat' dir='ltr'>„O</span> <span class='ocrx_word' id='word_1_42' title='bbox 1098 476 1362 528; x_wconf 79' lang='lat' dir='ltr'>regina,quid</span> <span class='ocrx_word' id='word_1_43' title='bbox 1379 477 1441 516; x_wconf 89' lang='lat' dir='ltr'>vis</span> <span class='ocrx_word' id='word_1_44' title='bbox 1457 477 1599 516; x_wconf 90' lang='lat' dir='ltr'>audire</span> <span class='ocrx_word' id='word_1_45' title='bbox 1615 478 1660 516; x_wconf 78' lang='lat'>?“</span> 
     </span>
     <span class='ocr_line' id='line_1_8' title="bbox 257 539 1663 593; baseline 0.003 -16"><span class='ocrx_word' id='word_1_46' title='bbox 257 539 314 578; x_wconf 93' lang='lat' dir='ltr'>At</span> <span class='ocrx_word' id='word_1_47' title='bbox 333 539 403 578; x_wconf 93' lang='lat' dir='ltr'>illa</span> <span class='ocrx_word' id='word_1_48' title='bbox 423 539 550 578; x_wconf 81' lang='lat' dir='ltr'>dixit:</span> <span class='ocrx_word' id='word_1_49' title='bbox 592 540 699 588; x_wconf 77' lang='lat' dir='ltr'>„Dic</span> <span class='ocrx_word' id='word_1_50' title='bbox 719 539 832 589; x_wconf 81' lang='lat' dir='ltr'>mihi,</span> <span class='ocrx_word' id='word_1_51' title='bbox 856 541 955 592; x_wconf 91' lang='lat' dir='ltr'>quid</span> <span class='ocrx_word' id='word_1_52' title='bbox 977 541 1103 580; x_wconf 88' lang='lat' dir='ltr'>debet</span> <span class='ocrx_word' id='word_1_53' title='bbox 1124 541 1213 580; x_wconf 87' lang='lat' dir='ltr'>fieri</span> <span class='ocrx_word' id='word_1_54' title='bbox 1233 541 1340 580; x_wconf 90' lang='lat' dir='ltr'>inter</span> <span class='ocrx_word' id='word_1_55' title='bbox 1360 554 1425 580; x_wconf 92' lang='lat' dir='ltr'>me</span> <span class='ocrx_word' id='word_1_56' title='bbox 1446 547 1488 581; x_wconf 93' lang='lat' dir='ltr'>et</span> <span class='ocrx_word' id='word_1_57' title='bbox 1509 541 1663 593; x_wconf 93' lang='lat' dir='ltr'>Philip-</span> 
     </span>
     <span class='ocr_line' id='line_1_9' title="bbox 258 604 1663 657; baseline 0.003 -15"><span class='ocrx_word' id='word_1_58' title='bbox 258 617 372 655; x_wconf 77' lang='lat' dir='ltr'>pum,</span> <span class='ocrx_word' id='word_1_59' title='bbox 402 604 501 655; x_wconf 92' lang='lat' dir='ltr'>quia</span> <span class='ocrx_word' id='word_1_60' title='bbox 528 604 693 653; x_wconf 76' lang='lat' dir='ltr'>dicitur,</span> <span class='ocrx_word' id='word_1_61' title='bbox 723 605 755 643; x_wconf 89' lang='lat' dir='ltr'>si</span> <span class='ocrx_word' id='word_1_62' title='bbox 781 618 1021 644; x_wconf 83' lang='lat' dir='ltr'>reversurus</span> <span class='ocrx_word' id='word_1_63' title='bbox 1049 606 1174 645; x_wconf 86' lang='lat' dir='ltr'>fuerit</span> <span class='ocrx_word' id='word_1_64' title='bbox 1200 619 1250 645; x_wconf 84' lang='lat' dir='ltr'>ex</span> <span class='ocrx_word' id='word_1_65' title='bbox 1278 606 1420 657; x_wconf 87' lang='lat' dir='ltr'>prelio,</span> <span class='ocrx_word' id='word_1_66' title='bbox 1449 607 1571 646; x_wconf 91' lang='lat' dir='ltr'>eiciat</span> <span class='ocrx_word' id='word_1_67' title='bbox 1597 619 1663 646; x_wconf 89' lang='lat' dir='ltr'>me</span> 
     </span>
    </p>
   </div>
   <div class='ocr_carea' id='block_1_4' title="bbox 93 669 1664 720">
    <p class='ocr_par' dir='ltr' id='par_1_4' title="bbox 93 669 1664 720">
     <span class='ocr_line' id='line_1_10' title="bbox 93 669 1664 720; baseline 0.002 -13"><span class='ocrx_word' id='word_1_68' title='bbox 93 681 117 707; x_wconf 84' lang='grc' dir='ltr'><strong>Β</strong></span> <span class='ocrx_word' id='word_1_69' title='bbox 143 681 201 707; x_wconf 83' lang='grc'><strong>194</strong></span> <span class='ocrx_word' id='word_1_70' title='bbox 223 688 239 708; x_wconf 90' lang='lat' dir='ltr'>e</span> <span class='ocrx_word' id='word_1_71' title='bbox 261 669 468 720; x_wconf 90' lang='lat' dir='ltr'>aliamque</span> <span class='ocrx_word' id='word_1_72' title='bbox 492 669 672 720; x_wconf 87' lang='lat' dir='ltr'>accipiat</span> <span class='ocrx_word' id='word_1_73' title='bbox 694 670 908 708; x_wconf 85' lang='lat' dir='ltr'>uxorem.“</span> <span class='ocrx_word' id='word_1_74' title='bbox 955 670 1029 709; x_wconf 92' lang='lat' dir='ltr'>Cui</span> <span class='ocrx_word' id='word_1_75' title='bbox 1052 671 1136 709; x_wconf 88' lang='lat' dir='ltr'>ille:</span> <span class='ocrx_word' id='word_1_76' title='bbox 1183 670 1417 720; x_wconf 74' lang='lat' dir='ltr'>„Falsidica</span> <span class='ocrx_word' id='word_1_77' title='bbox 1441 676 1539 710; x_wconf 90' lang='lat' dir='ltr'>sunt</span> <span class='ocrx_word' id='word_1_78' title='bbox 1561 671 1664 711; x_wconf 87' lang='lat' dir='ltr'>haec</span> 
     </span>
    </p>
   </div>
   <div class='ocr_carea' id='block_1_5' title="bbox 258 733 1665 788">
    <p class='ocr_par' dir='ltr' id='par_1_5' title="bbox 258 733 1665 788">
     <span class='ocr_line' id='line_1_11' title="bbox 258 733 1665 788; baseline 0.002 -16"><span class='ocrx_word' id='word_1_79' title='bbox 258 733 399 783; x_wconf 85' lang='lat' dir='ltr'>verba⁷</span> <span class='ocrx_word' id='word_1_80' title='bbox 438 746 521 772; x_wconf 93' lang='lat' dir='ltr'>non</span> <span class='ocrx_word' id='word_1_81' title='bbox 559 734 760 783; x_wconf 79' lang='lat' dir='ltr'>veridica3</span> <span class='ocrx_word' id='word_1_82' title='bbox 800 739 844 773; x_wconf 90' lang='lat' dir='ltr'>at</span> <span class='ocrx_word' id='word_1_83' title='bbox 881 739 1023 774; x_wconf 87' lang='lat' dir='ltr'>tamen</span> <span class='ocrx_word' id='word_1_84' title='bbox 1061 741 1157 787; x_wconf 87' lang='lat' dir='ltr'>post</span> <span class='ocrx_word' id='word_1_85' title='bbox 1194 736 1458 787; x_wconf 91' lang='lat' dir='ltr'>aliquantum</span> <span class='ocrx_word' id='word_1_86' title='bbox 1496 741 1665 788; x_wconf 86' lang='lat' dir='ltr'>tempus</span> 
     </span>
    </p>
   </div>
   <div class='ocr_carea' id='block_1_6' title="bbox 202 799 1663 849">
    <p class='ocr_par' dir='ltr' id='par_1_6' title="bbox 202 799 1663 849">
     <span class='ocr_line' id='line_1_12' title="bbox 202 799 1663 849; baseline 0.003 -13"><span class='ocrx_word' id='word_1_87' title='bbox 202 799 421 838; x_wconf 70' lang='lat' dir='ltr'>infactum</span> <span class='ocrx_word' id='word_1_88' title='bbox 452 799 572 837; x_wconf 81' lang='lat' dir='ltr'>erit.“</span> <span class='ocrx_word' id='word_1_89' title='bbox 633 799 708 838; x_wconf 90' lang='lat' dir='ltr'>Cui</span> <span class='ocrx_word' id='word_1_90' title='bbox 738 799 825 839; x_wconf 92' lang='lat' dir='ltr'>illa:</span> <span class='ocrx_word' id='word_1_91' title='bbox 887 800 1109 849; x_wconf 79' lang='lat' dir='ltr'>„Obsecro‚</span> <span class='ocrx_word' id='word_1_92' title='bbox 1142 805 1190 839; x_wconf 88' lang='lat' dir='ltr'>ut</span> <span class='ocrx_word' id='word_1_93' title='bbox 1221 801 1334 840; x_wconf 85' lang='lat' dir='ltr'>dicas</span> <span class='ocrx_word' id='word_1_94' title='bbox 1364 800 1466 840; x_wconf 91' lang='lat' dir='ltr'>mihi</span> <span class='ocrx_word' id='word_1_95' title='bbox 1497 813 1663 840; x_wconf 91' lang='lat' dir='ltr'>omnem</span> 
     </span>
    </p>
   </div>
   <div class='ocr_carea' id='block_1_7' title="bbox 144 940 233 968">
    <p class='ocr_par' dir='ltr' id='par_1_7' title="bbox 144 940 233 968">
     <span class='ocr_line' id='line_1_13' title="bbox 144 940 233 968; baseline 0 -1"><span class='ocrx_word' id='word_1_96' title='bbox 144 940 183 968; x_wconf 83' lang='lat'>35</span> <span class='ocrx_word' id='word_1_97' title='bbox 211 941 233 967; x_wconf 72' lang='lat'>1,</span> 
     </span>
    </p>
   </div>
   <div class='ocr_carea' id='block_1_8' title="bbox 201 1136 235 1162">
    <p class='ocr_par' dir='ltr' id='par_1_8' title="bbox 201 1136 235 1162">
     <span class='ocr_line' id='line_1_14' title="bbox 201 1136 235 1162; baseline 0.029 -1"><span class='ocrx_word' id='word_1_98' title='bbox 201 1136 235 1162; x_wconf 90' lang='grc'>15</span> 
     </span>
    </p>
   </div>
   <div class='ocr_carea' id='block_1_9' title="bbox 194 1460 283 1497">
    <p class='ocr_par' dir='ltr' id='par_1_9' title="bbox 194 1460 283 1497">
     <span class='ocr_line' id='line_1_15' title="bbox 194 1460 283 1497; baseline 0.022 -11"><span class='ocrx_word' id='word_1_99' title='bbox 194 1460 234 1488; x_wconf 88' lang='grc'>20</span> <span class='ocrx_word' id='word_1_100' title='bbox 260 1480 283 1497; x_wconf 85' lang='lat'><strong>„</strong></span> 
     </span>
    </p>
   </div>
   <div class='ocr_carea' id='block_1_10' title="bbox 255 864 1664 1694">
    <p class='ocr_par' dir='ltr' id='par_1_10' title="bbox 255 864 1664 1552">
     <span class='ocr_line' id='line_1_16' title="bbox 257 864 1664 917; baseline 0.001 -15"><span class='ocrx_word' id='word_1_101' title='bbox 257 864 523 902; x_wconf 87' lang='lat' dir='ltr'>veritatem.“</span> <span class='ocrx_word' id='word_1_102' title='bbox 591 864 823 915; x_wconf 74' lang='lat' dir='ltr'>Respondit</span> <span class='ocrx_word' id='word_1_103' title='bbox 855 864 938 903; x_wconf 91' lang='lat' dir='ltr'>ille:</span> <span class='ocrx_word' id='word_1_104' title='bbox 987 865 1135 914; x_wconf 82' lang='lat' dir='ltr'>⁷‚Unus</span> <span class='ocrx_word' id='word_1_105' title='bbox 1167 879 1217 904; x_wconf 83' lang='lat' dir='ltr'>ex</span> <span class='ocrx_word' id='word_1_106' title='bbox 1250 866 1552 917; x_wconf 87' lang='lat' dir='ltr'>potentissimis</span> <span class='ocrx_word' id='word_1_107' title='bbox 1585 866 1664 905; x_wconf 85' lang='lat' dir='ltr'>diis</span> 
     </span>
     <span class='ocr_line' id='line_1_17' title="bbox 259 928 1663 982; baseline 0.002 -15"><span class='ocrx_word' id='word_1_108' title='bbox 259 928 510 967; x_wconf 77' lang='lat' dir='ltr'>concumbet</span> <span class='ocrx_word' id='word_1_109' title='bbox 532 933 671 967; x_wconf 91' lang='lat' dir='ltr'>tecum</span> <span class='ocrx_word' id='word_1_110' title='bbox 694 933 736 967; x_wconf 91' lang='lat' dir='ltr'>et</span> <span class='ocrx_word' id='word_1_111' title='bbox 758 929 978 969; x_wconf 89' lang='lat' dir='ltr'>adiuvabit</span> <span class='ocrx_word' id='word_1_112' title='bbox 1000 931 1082 969; x_wconf 87' lang='lat' dir='ltr'>te.“</span> <span class='ocrx_word' id='word_1_113' title='bbox 1124 931 1182 969; x_wconf 90' lang='lat' dir='ltr'>At</span> <span class='ocrx_word' id='word_1_114' title='bbox 1204 931 1272 969; x_wconf 90' lang='lat' dir='ltr'>illa</span> <span class='ocrx_word' id='word_1_115' title='bbox 1294 931 1419 970; x_wconf 85' lang='lat' dir='ltr'>dixit:</span> <span class='ocrx_word' id='word_1_116' title='bbox 1464 931 1549 979; x_wconf 75' lang='lat' dir='ltr'>„Et</span> <span class='ocrx_word' id='word_1_117' title='bbox 1571 931 1663 982; x_wconf 89' lang='lat' dir='ltr'>quis</span> 
     </span>
     <span class='ocr_line' id='line_1_18' title="bbox 257 993 1661 1047; baseline 0.002 -15"><span class='ocrx_word' id='word_1_118' title='bbox 257 998 320 1032; x_wconf 89' lang='lat' dir='ltr'>est</span> <span class='ocrx_word' id='word_1_119' title='bbox 343 993 408 1032; x_wconf 88' lang='lat' dir='ltr'>ille</span> <span class='ocrx_word' id='word_1_120' title='bbox 432 994 546 1042; x_wconf 88' lang='lat' dir='ltr'>deus⁷</span> <span class='ocrx_word' id='word_1_121' title='bbox 573 993 642 1045; x_wconf 92' lang='lat' dir='ltr'>qui</span> <span class='ocrx_word' id='word_1_122' title='bbox 668 994 919 1033; x_wconf 76' lang='lat' dir='ltr'>concumbet</span> <span class='ocrx_word' id='word_1_123' title='bbox 942 1007 1105 1034; x_wconf 91' lang='lat' dir='ltr'>mecum</span> <span class='ocrx_word' id='word_1_124' title='bbox 1122 996 1166 1034; x_wconf 81' lang='lat'>?“</span> <span class='ocrx_word' id='word_1_125' title='bbox 1214 995 1481 1035; x_wconf 87' lang='lat' dir='ltr'>Nectanebus</span> <span class='ocrx_word' id='word_1_126' title='bbox 1505 996 1661 1047; x_wconf 88' lang='lat' dir='ltr'>inquit:</span> 
     </span>
     <span class='ocr_line' id='line_1_19' title="bbox 258 1058 1663 1110; baseline 0.002 -14"><span class='ocrx_word' id='word_1_127' title='bbox 258 1058 361 1107; x_wconf 85' lang='lat' dir='ltr'>„Ille</span> <span class='ocrx_word' id='word_1_128' title='bbox 385 1063 447 1097; x_wconf 89' lang='lat' dir='ltr'>est</span> <span class='ocrx_word' id='word_1_129' title='bbox 469 1059 666 1107; x_wconf 85' lang='lat' dir='ltr'>Ammon,</span> <span class='ocrx_word' id='word_1_130' title='bbox 692 1059 763 1110; x_wconf 89' lang='lat' dir='ltr'>qui</span> <span class='ocrx_word' id='word_1_131' title='bbox 786 1059 959 1110; x_wconf 86' lang='lat' dir='ltr'>largitur</span> <span class='ocrx_word' id='word_1_132' title='bbox 983 1060 1155 1099; x_wconf 81' lang='lat' dir='ltr'>divicias</span> <span class='ocrx_word' id='word_1_133' title='bbox 1178 1061 1219 1099; x_wconf 93' lang='lat' dir='ltr'>in</span> <span class='ocrx_word' id='word_1_134' title='bbox 1243 1061 1480 1099; x_wconf 88' lang='lat' dir='ltr'>omnibus.“</span> <span class='ocrx_word' id='word_1_135' title='bbox 1528 1061 1663 1099; x_wconf 86' lang='lat' dir='ltr'>Dixit-</span> 
     </span>
     <span class='ocr_line' id='line_1_20' title="bbox 260 1123 1662 1177; baseline 0.002 -16"><span class='ocrx_word' id='word_1_136' title='bbox 260 1136 339 1175; x_wconf 86' lang='lat' dir='ltr'>que</span> <span class='ocrx_word' id='word_1_137' title='bbox 368 1123 455 1162; x_wconf 88' lang='lat' dir='ltr'>illa:</span> <span class='ocrx_word' id='word_1_138' title='bbox 514 1123 600 1172; x_wconf 82' lang='lat' dir='ltr'>„Et</span> <span class='ocrx_word' id='word_1_139' title='bbox 629 1137 756 1175; x_wconf 88' lang='lat' dir='ltr'>quam</span> <span class='ocrx_word' id='word_1_140' title='bbox 787 1124 964 1175; x_wconf 80' lang='lat' dir='ltr'>figuram</span> <span class='ocrx_word' id='word_1_141' title='bbox 994 1124 1123 1164; x_wconf 88' lang='lat' dir='ltr'>habet</span> <span class='ocrx_word' id='word_1_142' title='bbox 1138 1126 1182 1164; x_wconf 81' lang='lat'>?“</span> <span class='ocrx_word' id='word_1_143' title='bbox 1240 1126 1315 1165; x_wconf 90' lang='lat' dir='ltr'>Cui</span> <span class='ocrx_word' id='word_1_144' title='bbox 1344 1126 1428 1164; x_wconf 89' lang='lat' dir='ltr'>ille:</span> <span class='ocrx_word' id='word_1_145' title='bbox 1488 1126 1662 1177; x_wconf 84' lang='lat' dir='ltr'>„Neque</span> 
     </span>
     <span class='ocr_line' id='line_1_21' title="bbox 256 1189 1664 1239; baseline 0.002 -13"><span class='ocrx_word' id='word_1_146' title='bbox 256 1189 417 1227; x_wconf 87' lang='lat' dir='ltr'>iuvenis</span> <span class='ocrx_word' id='word_1_147' title='bbox 440 1201 574 1239; x_wconf 90' lang='lat' dir='ltr'>neque</span> <span class='ocrx_word' id='word_1_148' title='bbox 598 1189 778 1237; x_wconf 82' lang='lat' dir='ltr'>vetulus⁷</span> <span class='ocrx_word' id='word_1_149' title='bbox 804 1189 874 1228; x_wconf 88' lang='lat' dir='ltr'>sed</span> <span class='ocrx_word' id='word_1_150' title='bbox 898 1189 940 1228; x_wconf 92' lang='lat' dir='ltr'>in</span> <span class='ocrx_word' id='word_1_151' title='bbox 963 1190 1101 1229; x_wconf 88' lang='lat' dir='ltr'>media</span> <span class='ocrx_word' id='word_1_152' title='bbox 1124 1195 1263 1229; x_wconf 88' lang='lat' dir='ltr'>aetate</span> <span class='ocrx_word' id='word_1_153' title='bbox 1289 1191 1480 1229; x_wconf 84' lang='lat' dir='ltr'>consistit</span> <span class='ocrx_word' id='word_1_154' title='bbox 1503 1190 1664 1229; x_wconf 85' lang='lat' dir='ltr'>habens</span> 
     </span>
     <span class='ocr_line' id='line_1_22' title="bbox 256 1252 1662 1307; baseline 0.002 -16"><span class='ocrx_word' id='word_1_155' title='bbox 256 1254 297 1292; x_wconf 91' lang='lat' dir='ltr'>in</span> <span class='ocrx_word' id='word_1_156' title='bbox 340 1253 475 1292; x_wconf 87' lang='lat' dir='ltr'>fronte</span> <span class='ocrx_word' id='word_1_157' title='bbox 519 1266 674 1292; x_wconf 90' lang='lat' dir='ltr'>cornua</span> <span class='ocrx_word' id='word_1_158' title='bbox 719 1252 940 1307; x_wconf 84' lang='lat' dir='ltr'>[arietina]‚</span> <span class='ocrx_word' id='word_1_159' title='bbox 985 1267 1109 1293; x_wconf 88' lang='lat' dir='ltr'>canos</span> <span class='ocrx_word' id='word_1_160' title='bbox 1150 1255 1410 1306; x_wconf 88' lang='lat' dir='ltr'>barbamque</span> <span class='ocrx_word' id='word_1_161' title='bbox 1454 1260 1662 1294; x_wconf 85' lang='lat' dir='ltr'>ornatam.</span> 
     </span>
     <span class='ocr_line' id='line_1_23' title="bbox 257 1318 1664 1371; baseline 0 -13"><span class='ocrx_word' id='word_1_162' title='bbox 257 1318 377 1358; x_wconf 88' lang='lat' dir='ltr'>Unde</span> <span class='ocrx_word' id='word_1_163' title='bbox 397 1318 428 1356; x_wconf 91' lang='lat' dir='ltr'>si</span> <span class='ocrx_word' id='word_1_164' title='bbox 446 1318 523 1357; x_wconf 89' lang='lat' dir='ltr'>tibi</span> <span class='ocrx_word' id='word_1_165' title='bbox 541 1319 691 1369; x_wconf 81' lang='lat' dir='ltr'>placet,</span> <span class='ocrx_word' id='word_1_166' title='bbox 712 1323 800 1357; x_wconf 87' lang='lat' dir='ltr'>esto</span> <span class='ocrx_word' id='word_1_167' title='bbox 819 1324 1043 1370; x_wconf 86' lang='lat' dir='ltr'>preparata</span> <span class='ocrx_word' id='word_1_168' title='bbox 1062 1320 1131 1368; x_wconf 82' lang='lat' dir='ltr'>illi,</span> <span class='ocrx_word' id='word_1_169' title='bbox 1152 1321 1249 1371; x_wconf 89' lang='lat' dir='ltr'>quia</span> <span class='ocrx_word' id='word_1_170' title='bbox 1267 1321 1307 1358; x_wconf 91' lang='lat' dir='ltr'>in</span> <span class='ocrx_word' id='word_1_171' title='bbox 1327 1320 1482 1359; x_wconf 88' lang='lat' dir='ltr'>somnis</span> <span class='ocrx_word' id='word_1_172' title='bbox 1500 1320 1664 1359; x_wconf 87' lang='lat' dir='ltr'>videbis</span> 
     </span>
     <span class='ocr_line' id='line_1_24' title="bbox 255 1383 1661 1436; baseline 0.001 -14"><span class='ocrx_word' id='word_1_173' title='bbox 255 1383 371 1422; x_wconf 83' lang='lat' dir='ltr'>illum</span> <span class='ocrx_word' id='word_1_174' title='bbox 400 1388 442 1422; x_wconf 89' lang='lat' dir='ltr'>et</span> <span class='ocrx_word' id='word_1_175' title='bbox 469 1384 511 1421; x_wconf 93' lang='lat' dir='ltr'>in</span> <span class='ocrx_word' id='word_1_176' title='bbox 539 1384 628 1434; x_wconf 86' lang='lat' dir='ltr'>ipso</span> <span class='ocrx_word' id='word_1_177' title='bbox 658 1396 802 1422; x_wconf 85' lang='lat' dir='ltr'>somno</span> <span class='ocrx_word' id='word_1_178' title='bbox 832 1384 1076 1423; x_wconf 87' lang='lat' dir='ltr'>concumbit</span> <span class='ocrx_word' id='word_1_179' title='bbox 1105 1386 1285 1423; x_wconf 88' lang='lat' dir='ltr'>tecum.“</span> <span class='ocrx_word' id='word_1_180' title='bbox 1345 1385 1545 1436; x_wconf 83' lang='lat' dir='ltr'>Dixitque</span> <span class='ocrx_word' id='word_1_181' title='bbox 1574 1385 1661 1424; x_wconf 85' lang='lat' dir='ltr'>illa:</span> 
     </span>
     <span class='ocr_line' id='line_1_25' title="bbox 290 1447 1662 1501; baseline 0.001 -15"><span class='ocrx_word' id='word_1_182' title='bbox 290 1448 345 1487; x_wconf 88' lang='lat' dir='ltr'>Et</span> <span class='ocrx_word' id='word_1_183' title='bbox 375 1448 406 1486; x_wconf 86' lang='lat' dir='ltr'>si</span> <span class='ocrx_word' id='word_1_184' title='bbox 434 1447 512 1486; x_wconf 91' lang='lat' dir='ltr'>hoc</span> <span class='ocrx_word' id='word_1_185' title='bbox 540 1448 696 1497; x_wconf 84' lang='lat' dir='ltr'>videro,</span> <span class='ocrx_word' id='word_1_186' title='bbox 726 1462 809 1487; x_wconf 92' lang='lat' dir='ltr'>non</span> <span class='ocrx_word' id='word_1_187' title='bbox 839 1449 1048 1500; x_wconf 90' lang='lat' dir='ltr'>quomodo</span> <span class='ocrx_word' id='word_1_188' title='bbox 1077 1449 1326 1501; x_wconf 90' lang='lat' dir='ltr'>prophetam</span> <span class='ocrx_word' id='word_1_189' title='bbox 1355 1455 1430 1489; x_wconf 90' lang='lat' dir='ltr'>aut</span> <span class='ocrx_word' id='word_1_190' title='bbox 1458 1450 1662 1496; x_wconf 79' lang='lat' dir='ltr'>divinum,</span> 
     </span>
     <span class='ocr_line' id='line_1_26' title="bbox 257 1513 951 1552; baseline 0.001 -1"><span class='ocrx_word' id='word_1_191' title='bbox 257 1513 327 1552; x_wconf 85' lang='lat' dir='ltr'>sed</span> <span class='ocrx_word' id='word_1_192' title='bbox 362 1513 468 1551; x_wconf 89' lang='lat' dir='ltr'>sicut</span> <span class='ocrx_word' id='word_1_193' title='bbox 498 1513 622 1552; x_wconf 90' lang='lat' dir='ltr'>deum</span> <span class='ocrx_word' id='word_1_194' title='bbox 653 1514 837 1552; x_wconf 84' lang='lat' dir='ltr'>adorabo</span> <span class='ocrx_word' id='word_1_195' title='bbox 868 1514 951 1552; x_wconf 84' lang='lat' dir='ltr'>te.“</span> 
     </span>
    </p>

    <p class='ocr_par' dir='ltr' id='par_1_11' title="bbox 255 1578 1663 1694">
     <span class='ocr_line' id='line_1_27' title="bbox 362 1578 1662 1618; baseline 0.002 -2"><span class='ocrx_word' id='word_1_196' title='bbox 362 1579 400 1616; x_wconf 83' lang='lat'>5.</span> <span class='ocrx_word' id='word_1_197' title='bbox 436 1578 550 1617; x_wconf 88' lang='lat' dir='ltr'>Haec</span> <span class='ocrx_word' id='word_1_198' title='bbox 581 1578 721 1617; x_wconf 86' lang='lat' dir='ltr'>dicens</span> <span class='ocrx_word' id='word_1_199' title='bbox 754 1579 1020 1618; x_wconf 86' lang='lat' dir='ltr'>Nectanebus</span> <span class='ocrx_word' id='word_1_200' title='bbox 1051 1580 1151 1618; x_wconf 84' lang='lat' dir='ltr'>exiit</span> <span class='ocrx_word' id='word_1_201' title='bbox 1182 1580 1380 1618; x_wconf 85' lang='lat' dir='ltr'>continuo</span> <span class='ocrx_word' id='word_1_202' title='bbox 1412 1584 1455 1618; x_wconf 90' lang='lat' dir='ltr'>et</span> <span class='ocrx_word' id='word_1_203' title='bbox 1485 1579 1590 1618; x_wconf 90' lang='lat' dir='ltr'>abiit</span> <span class='ocrx_word' id='word_1_204' title='bbox 1621 1579 1662 1618; x_wconf 92' lang='lat' dir='ltr'>in</span> 
     </span>
     <span class='ocr_line' id='line_1_28' title="bbox 255 1643 1663 1694; baseline 0.001 -13"><span class='ocrx_word' id='word_1_205' title='bbox 255 1643 480 1691; x_wconf 80' lang='lat' dir='ltr'>desertum,</span> <span class='ocrx_word' id='word_1_206' title='bbox 524 1648 651 1694; x_wconf 90' lang='lat' dir='ltr'>atque</span> <span class='ocrx_word' id='word_1_207' title='bbox 693 1644 871 1683; x_wconf 82' lang='lat' dir='ltr'>evellens</span> <span class='ocrx_word' id='word_1_208' title='bbox 911 1643 1061 1683; x_wconf 86' lang='lat' dir='ltr'>herbas</span> <span class='ocrx_word' id='word_1_209' title='bbox 1101 1649 1142 1683; x_wconf 90' lang='lat' dir='ltr'>et</span> <span class='ocrx_word' id='word_1_210' title='bbox 1182 1645 1385 1683; x_wconf 80' lang='lat' dir='ltr'>triturans</span> <span class='ocrx_word' id='word_1_211' title='bbox 1425 1657 1473 1683; x_wconf 88' lang='lat' dir='ltr'>ea</span> <span class='ocrx_word' id='word_1_212' title='bbox 1513 1644 1663 1683; x_wconf 90' lang='lat' dir='ltr'>tollens</span> 
     </span>
    </p>
   </div>
   <div class='ocr_carea' id='block_1_11' title="bbox 255 1729 463 1731">
    <p class='ocr_par' dir='ltr' id='par_1_12' title="bbox 255 1729 463 1731">
     <span class='ocr_line' id='line_1_29' title="bbox 255 1729 463 1731; baseline 0 0"><span class='ocrx_word' id='word_1_213' title='bbox 255 1729 463 1731; x_wconf 95' lang='lat' dir='ltr'> </span> 
     </span>
    </p>
   </div>
   <div class='ocr_carea' id='block_1_12' title="bbox 349 1766 1663 1811">
    <p class='ocr_par' dir='ltr' id='par_1_13' title="bbox 349 1766 1663 1811">
     <span class='ocr_line' id='line_1_30' title="bbox 349 1766 1663 1811; baseline 0 -10"><span class='ocrx_word' id='word_1_214' title='bbox 349 1770 365 1801; x_wconf 90' lang='lat'><strong>1</strong></span> <span class='ocrx_word' id='word_1_215' title='bbox 390 1768 477 1801; x_wconf 86' lang='lat' dir='ltr'>octo</span> <span class='ocrx_word' id='word_1_216' title='bbox 501 1766 711 1811; x_wconf 78' lang='lat' dir='ltr'>lapidibus:</span> <span class='ocrx_word' id='word_1_217' title='bbox 744 1768 869 1810; x_wconf 81' lang='lat' dir='ltr'>Diese,</span> <span class='ocrx_word' id='word_1_218' title='bbox 902 1767 1031 1802; x_wconf 86' lang='lat' dir='ltr'>sieben</span> <span class='ocrx_word' id='word_1_219' title='bbox 1054 1768 1118 1802; x_wconf 78' lang='lat' dir='ltr'>fur</span> <span class='ocrx_word' id='word_1_220' title='bbox 1139 1768 1199 1802; x_wconf 91' lang='lat' dir='ltr'>die</span> <span class='ocrx_word' id='word_1_221' title='bbox 1231 1768 1430 1810; x_wconf 82' lang='lat' dir='ltr'>Planeten,</span> <span class='ocrx_word' id='word_1_222' title='bbox 1465 1768 1568 1802; x_wconf 87' lang='lat' dir='ltr'>einer</span> <span class='ocrx_word' id='word_1_223' title='bbox 1601 1768 1663 1802; x_wconf 77' lang='lat' dir='ltr'>fur</span> 
     </span>
    </p>
   </div>
   <div class='ocr_carea' id='block_1_13' title="bbox 253 1814 1662 1954">
    <p class='ocr_par' dir='ltr' id='par_1_14' title="bbox 253 1814 1662 1954">
     <span class='ocr_line' id='line_1_31' title="bbox 254 1814 1662 1859; baseline 0.001 -12"><span class='ocrx_word' id='word_1_224' title='bbox 254 1814 323 1848; x_wconf 86' lang='lat' dir='ltr'>das</span> <span class='ocrx_word' id='word_1_225' title='bbox 378 1814 594 1858; x_wconf 62' lang='lat' dir='ltr'>Horosrop,</span> <span class='ocrx_word' id='word_1_226' title='bbox 645 1814 796 1849; x_wconf 84' lang='lat' dir='ltr'>werden</span> <span class='ocrx_word' id='word_1_227' title='bbox 842 1815 880 1848; x_wconf 89' lang='lat' dir='ltr'>in</span> <span class='ocrx_word' id='word_1_228' title='bbox 928 1815 976 1849; x_wconf 67' lang='grc' dir='ltr'>ΡΞ</span> <span class='ocrx_word' id='word_1_229' title='bbox 1014 1815 1246 1858; x_wconf 77' lang='lat' dir='ltr'>aufgezahlt.</span> <span class='ocrx_word' id='word_1_230' title='bbox 1298 1836 1333 1839; x_wconf 39' lang='grc' dir='ltr'><strong><em>ὴ</em></strong></span> <span class='ocrx_word' id='word_1_231' title='bbox 1378 1817 1396 1848; x_wconf 80' lang='lat'><strong>2</strong></span> <span class='ocrx_word' id='word_1_232' title='bbox 1443 1815 1662 1859; x_wconf 86' lang='lat' dir='ltr'>composuit</span> 
     </span>
     <span class='ocr_line' id='line_1_32' title="bbox 254 1861 1660 1906; baseline 0.001 -12"><span class='ocrx_word' id='word_1_233' title='bbox 254 1861 467 1896; x_wconf 88' lang='lat' dir='ltr'>hominem:</span> <span class='ocrx_word' id='word_1_234' title='bbox 529 1862 606 1895; x_wconf 86' lang='lat' dir='ltr'>Das</span> <span class='ocrx_word' id='word_1_235' title='bbox 646 1862 962 1905; x_wconf 80' lang='lat' dir='ltr'>Entsprechende</span> <span class='ocrx_word' id='word_1_236' title='bbox 1005 1862 1102 1896; x_wconf 85' lang='lat' dir='ltr'>fehlt</span> <span class='ocrx_word' id='word_1_237' title='bbox 1145 1863 1183 1896; x_wconf 89' lang='lat' dir='ltr'>in</span> <span class='ocrx_word' id='word_1_238' title='bbox 1219 1876 1259 1897; x_wconf 83' lang='grc' dir='ltr'>ω.</span> <span class='ocrx_word' id='word_1_239' title='bbox 1296 1864 1329 1897; x_wconf 79' lang='lat' dir='ltr'>A</span> <span class='ocrx_word' id='word_1_240' title='bbox 1367 1863 1412 1898; x_wconf 85' lang='lat' dir='ltr'>L:</span> <span class='ocrx_word' id='word_1_241' title='bbox 1457 1862 1520 1896; x_wconf 85' lang='grc' dir='ltr'>τὸν</span> <span class='ocrx_word' id='word_1_242' title='bbox 1565 1862 1660 1906; x_wconf 81' lang='grc' dir='ltr'><strong><em>τηλι-</em></strong></span> 
     </span>
     <span class='ocr_line' id='line_1_33' title="bbox 253 1909 1660 1954; baseline -0.001 -11"><span class='ocrx_word' id='word_1_243' title='bbox 253 1912 391 1943; x_wconf 81' lang='grc' dir='ltr'><em>κοῦτον</em></span> <span class='ocrx_word' id='word_1_244' title='bbox 418 1909 581 1953; x_wconf 79' lang='grc' dir='ltr'><em>οὐρανὸν</em></span> <span class='ocrx_word' id='word_1_245' title='bbox 606 1910 646 1943; x_wconf 79' lang='grc' dir='ltr'>ἐν</span> <span class='ocrx_word' id='word_1_246' title='bbox 676 1909 794 1954; x_wconf 81' lang='grc' dir='ltr'><em>ὀλίγῳ</em></span> <span class='ocrx_word' id='word_1_247' title='bbox 818 1910 949 1954; x_wconf 61' lang='grc' dir='ltr'>κύκῖῳ</span> <span class='ocrx_word' id='word_1_248' title='bbox 977 1910 1245 1954; x_wconf 82' lang='grc' dir='ltr'><em>περιφωτίσας</em></span> <span class='ocrx_word' id='word_1_249' title='bbox 1286 1910 1390 1954; x_wconf 81' lang='grc' dir='ltr'>(φῶς</span> <span class='ocrx_word' id='word_1_250' title='bbox 1419 1930 1454 1933; x_wconf 87' lang='lat'>—</span> <span class='ocrx_word' id='word_1_251' title='bbox 1479 1909 1593 1943; x_wconf 88' lang='lat' dir='ltr'>homo</span> <span class='ocrx_word' id='word_1_252' title='bbox 1607 1909 1660 1952; x_wconf 68' lang='lat'>9)</span> 
     </span>
    </p>
   </div>
   <div class='ocr_carea' id='block_1_14' title="bbox 252 1937 1663 2235">
    <p class='ocr_par' dir='ltr' id='par_1_15' title="bbox 252 1937 1663 2235">
     <span class='ocr_line' id='line_1_34' title="bbox 256 1937 1660 2000; baseline 0 -9"><span class='ocrx_word' id='word_1_253' title='bbox 256 1956 325 2000; x_wconf 80' lang='lat' dir='ltr'>Sy:</span> <span class='ocrx_word' id='word_1_254' title='bbox 375 1956 479 1997; x_wconf 83' lang='lat' dir='ltr'>„und</span> <span class='ocrx_word' id='word_1_255' title='bbox 526 1966 566 1990; x_wconf 88' lang='lat' dir='ltr'>er</span> <span class='ocrx_word' id='word_1_256' title='bbox 604 1955 763 1990; x_wconf 88' lang='lat' dir='ltr'>brachte</span> <span class='ocrx_word' id='word_1_257' title='bbox 803 1957 855 1990; x_wconf 84' lang='lat' dir='ltr'>sie</span> <span class='ocrx_word' id='word_1_258' title='bbox 895 1956 962 1991; x_wconf 88' lang='lat' dir='ltr'>auf</span> <span class='ocrx_word' id='word_1_259' title='bbox 1001 1956 1087 1991; x_wconf 88' lang='lat' dir='ltr'>dem</span> <span class='ocrx_word' id='word_1_260' title='bbox 1128 1956 1261 1991; x_wconf 85' lang='lat' dir='ltr'>Tische</span> <span class='ocrx_word' id='word_1_261' title='bbox 1302 1957 1368 1991; x_wconf 86' lang='lat' dir='ltr'>der</span> <span class='ocrx_word' id='word_1_262' title='bbox 1407 1956 1528 1991; x_wconf 84' lang='lat' dir='ltr'>Reihe</span> <span class='ocrx_word' id='word_1_263' title='bbox 1563 1937 1660 1991; x_wconf 58' lang='lat' dir='ltr'>nach,</span> 
     </span>
     <span class='ocr_line' id='line_1_35' title="bbox 252 2002 1660 2047; baseline 0.001 -11"><span class='ocrx_word' id='word_1_264' title='bbox 252 2003 291 2036; x_wconf 89' lang='lat' dir='ltr'>in</span> <span class='ocrx_word' id='word_1_265' title='bbox 325 2002 545 2046; x_wconf 82' lang='lat' dir='ltr'>Beziehung</span> <span class='ocrx_word' id='word_1_266' title='bbox 577 2014 621 2037; x_wconf 87' lang='lat' dir='ltr'>zu</span> <span class='ocrx_word' id='word_1_267' title='bbox 662 2003 735 2037; x_wconf 93' lang='lat' dir='ltr'>den</span> <span class='ocrx_word' id='word_1_268' title='bbox 769 2003 935 2038; x_wconf 87' lang='lat' dir='ltr'>anderen</span> <span class='ocrx_word' id='word_1_269' title='bbox 970 2003 1227 2038; x_wconf 85' lang='lat' dir='ltr'>Edelsteinen.</span> <span class='ocrx_word' id='word_1_270' title='bbox 1284 2004 1372 2038; x_wconf 88' lang='lat' dir='ltr'>Und</span> <span class='ocrx_word' id='word_1_271' title='bbox 1405 2004 1478 2038; x_wconf 90' lang='lat' dir='ltr'>den</span> <span class='ocrx_word' id='word_1_272' title='bbox 1518 2004 1660 2047; x_wconf 85' lang='lat' dir='ltr'>grossen</span> 
     </span>
     <span class='ocr_line' id='line_1_36' title="bbox 255 2050 1663 2094; baseline 0.001 -10"><span class='ocrx_word' id='word_1_273' title='bbox 255 2050 423 2084; x_wconf 89' lang='lat' dir='ltr'>Himmel</span> <span class='ocrx_word' id='word_1_274' title='bbox 465 2050 591 2084; x_wconf 85' lang='lat' dir='ltr'>stellte</span> <span class='ocrx_word' id='word_1_275' title='bbox 643 2061 682 2085; x_wconf 89' lang='lat' dir='ltr'>er</span> <span class='ocrx_word' id='word_1_276' title='bbox 734 2051 800 2085; x_wconf 81' lang='lat' dir='ltr'>auf</span> <span class='ocrx_word' id='word_1_277' title='bbox 843 2051 930 2085; x_wconf 90' lang='lat' dir='ltr'>dem</span> <span class='ocrx_word' id='word_1_278' title='bbox 972 2061 1013 2085; x_wconf 88' lang='lat' dir='ltr'>so</span> <span class='ocrx_word' id='word_1_279' title='bbox 1056 2051 1206 2085; x_wconf 89' lang='lat' dir='ltr'>kleinen</span> <span class='ocrx_word' id='word_1_280' title='bbox 1249 2051 1383 2085; x_wconf 83' lang='lat' dir='ltr'>Tische</span> <span class='ocrx_word' id='word_1_281' title='bbox 1427 2050 1663 2094; x_wconf 80' lang='lat' dir='ltr'>vollstandig</span> 
     </span>
     <span class='ocr_line' id='line_1_37' title="bbox 253 2097 1662 2142; baseline 0 -11"><span class='ocrx_word' id='word_1_282' title='bbox 253 2097 360 2132; x_wconf 85' lang='lat' dir='ltr'>dar.’&#39;</span> <span class='ocrx_word' id='word_1_283' title='bbox 411 2097 520 2132; x_wconf 83' lang='lat' dir='ltr'>Nach</span> <span class='ocrx_word' id='word_1_284' title='bbox 547 2097 634 2131; x_wconf 93' lang='lat' dir='ltr'>dem</span> <span class='ocrx_word' id='word_1_285' title='bbox 661 2100 786 2132; x_wconf 84' lang='lat' dir='ltr'>ersten</span> <span class='ocrx_word' id='word_1_286' title='bbox 815 2098 904 2132; x_wconf 81' lang='lat' dir='ltr'>Satz</span> <span class='ocrx_word' id='word_1_287' title='bbox 931 2108 1006 2132; x_wconf 88' lang='lat' dir='ltr'>von</span> <span class='ocrx_word' id='word_1_288' title='bbox 1036 2098 1087 2142; x_wconf 80' lang='lat' dir='ltr'>Sy</span> <span class='ocrx_word' id='word_1_289' title='bbox 1112 2098 1161 2132; x_wconf 86' lang='lat' dir='ltr'>ist</span> <span class='ocrx_word' id='word_1_290' title='bbox 1187 2098 1379 2132; x_wconf 83' lang='lat' dir='ltr'>vielleicht</span> <span class='ocrx_word' id='word_1_291' title='bbox 1405 2108 1537 2132; x_wconf 85' lang='lat' dir='ltr'>omnes</span> <span class='ocrx_word' id='word_1_292' title='bbox 1562 2099 1662 2131; x_wconf 86' lang='lat' dir='ltr'>statt</span> 
     </span>
     <span class='ocr_line' id='line_1_38' title="bbox 252 2144 1661 2190; baseline 0 -12"><span class='ocrx_word' id='word_1_293' title='bbox 252 2144 445 2178; x_wconf 86' lang='lat' dir='ltr'>hominem</span> <span class='ocrx_word' id='word_1_294' title='bbox 481 2155 525 2178; x_wconf 90' lang='lat' dir='ltr'>zu</span> <span class='ocrx_word' id='word_1_295' title='bbox 559 2145 769 2179; x_wconf 81' lang='lat' dir='ltr'>schreiben.</span> <span class='ocrx_word' id='word_1_296' title='bbox 808 2145 927 2189; x_wconf 82' lang='lat' dir='ltr'>Krol]‚</span> <span class='ocrx_word' id='word_1_297' title='bbox 958 2145 1087 2180; x_wconf 87' lang='lat' dir='ltr'>Herm.</span> <span class='ocrx_word' id='word_1_298' title='bbox 1110 2145 1256 2180; x_wconf 88' lang='lat' dir='ltr'>XXVI.</span> <span class='ocrx_word' id='word_1_299' title='bbox 1283 2147 1408 2190; x_wconf 78' lang='lat'>(1891)</span> <span class='ocrx_word' id='word_1_300' title='bbox 1427 2146 1496 2180; x_wconf 87' lang='grc'>316</span> <span class='ocrx_word' id='word_1_301' title='bbox 1522 2145 1661 2178; x_wconf 87' lang='lat' dir='ltr'>nimmt</span> 
     </span>
     <span class='ocr_line' id='line_1_39' title="bbox 252 2191 1663 2235; baseline 0 -9"><span class='ocrx_word' id='word_1_302' title='bbox 252 2191 343 2226; x_wconf 89' lang='lat' dir='ltr'>aber</span> <span class='ocrx_word' id='word_1_303' title='bbox 377 2192 477 2226; x_wconf 85' lang='lat' dir='ltr'>wohl</span> <span class='ocrx_word' id='word_1_304' title='bbox 515 2192 586 2225; x_wconf 89' lang='lat' dir='ltr'>mit</span> <span class='ocrx_word' id='word_1_305' title='bbox 631 2193 757 2227; x_wconf 82' lang='lat' dir='ltr'>Recht</span> <span class='ocrx_word' id='word_1_306' title='bbox 803 2193 861 2227; x_wconf 90' lang='lat' dir='ltr'>ein</span> <span class='ocrx_word' id='word_1_307' title='bbox 898 2192 1225 2228; x_wconf 82' lang='lat' dir='ltr'>Missverstandnis</span> <span class='ocrx_word' id='word_1_308' title='bbox 1267 2193 1333 2227; x_wconf 87' lang='lat' dir='ltr'>des</span> <span class='ocrx_word' id='word_1_309' title='bbox 1368 2193 1442 2227; x_wconf 87' lang='lat' dir='ltr'>Leo</span> <span class='ocrx_word' id='word_1_310' title='bbox 1488 2202 1549 2235; x_wconf 88' lang='lat' dir='ltr'>an,</span> <span class='ocrx_word' id='word_1_311' title='bbox 1596 2191 1663 2227; x_wconf 92' lang='lat' dir='ltr'>der</span> 
     </span>
    </p>
   </div>
   <div class='ocr_carea' id='block_1_15' title="bbox 252 2239 1661 2383">
    <p class='ocr_par' dir='ltr' id='par_1_16' title="bbox 252 2239 1661 2383">
     <span class='ocr_line' id='line_1_40' title="bbox 252 2239 1661 2291; baseline -0.001 -12"><span class='ocrx_word' id='word_1_312' title='bbox 252 2244 505 2289; x_wconf 79' lang='lat' dir='ltr'>abgekurztes</span> <span class='ocrx_word' id='word_1_313' title='bbox 532 2239 646 2280; x_wconf 56' lang='lat' dir='ltr'>ffiv</span> <span class='ocrx_word' id='word_1_314' title='bbox 683 2245 921 2290; x_wconf 66' lang='grc' dir='ltr'>(εούρανόν)</span> <span class='ocrx_word' id='word_1_315' title='bbox 957 2246 1011 2280; x_wconf 81' lang='lat' dir='ltr'>als</span> <span class='ocrx_word' id='word_1_316' title='bbox 1038 2240 1134 2280; x_wconf 51' lang='lat' dir='ltr'>Em</span> <span class='ocrx_word' id='word_1_317' title='bbox 1173 2246 1452 2291; x_wconf 67' lang='grc' dir='ltr'>(Ξᾶνθρωπον)</span> <span class='ocrx_word' id='word_1_318' title='bbox 1492 2245 1547 2280; x_wconf 77' lang='lat' dir='ltr'>las</span> <span class='ocrx_word' id='word_1_319' title='bbox 1582 2244 1661 2279; x_wconf 88' lang='lat' dir='ltr'>und</span> 
     </span>
     <span class='ocr_line' id='line_1_41' title="bbox 253 2292 1661 2337; baseline 0.001 -12"><span class='ocrx_word' id='word_1_320' title='bbox 253 2292 479 2327; x_wconf 74' lang='lat' dir='ltr'>iibersetzte.</span> <span class='ocrx_word' id='word_1_321' title='bbox 534 2292 635 2327; x_wconf 87' lang='lat' dir='ltr'>Oder</span> <span class='ocrx_word' id='word_1_322' title='bbox 669 2294 724 2337; x_wconf 87' lang='lat' dir='ltr'>(so</span> <span class='ocrx_word' id='word_1_323' title='bbox 751 2293 936 2337; x_wconf 83' lang='lat' dir='ltr'>Heraeus)</span> <span class='ocrx_word' id='word_1_324' title='bbox 966 2293 1077 2327; x_wconf 86' lang='lat' dir='ltr'>sollte</span> <span class='ocrx_word' id='word_1_325' title='bbox 1114 2293 1308 2328; x_wconf 87' lang='lat' dir='ltr'>hominem</span> <span class='ocrx_word' id='word_1_326' title='bbox 1343 2302 1571 2337; x_wconf 84' lang='lat' dir='ltr'>componere</span> <span class='ocrx_word' id='word_1_327' title='bbox 1601 2292 1661 2326; x_wconf 89' lang='lat' dir='ltr'>ein</span> 
     </span>
     <span class='ocr_line' id='line_1_42' title="bbox 252 2338 1659 2383; baseline 0.001 -10"><span class='ocrx_word' id='word_1_328' title='bbox 252 2339 544 2383; x_wconf 84' lang='lat' dir='ltr'>astrologischer</span> <span class='ocrx_word' id='word_1_329' title='bbox 580 2342 689 2375; x_wconf 85' lang='lat' dir='ltr'>term.</span> <span class='ocrx_word' id='word_1_330' title='bbox 721 2341 846 2375; x_wconf 83' lang='lat' dir='ltr'>techn.</span> <span class='ocrx_word' id='word_1_331' title='bbox 884 2341 950 2375; x_wconf 88' lang='lat' dir='ltr'>des</span> <span class='ocrx_word' id='word_1_332' title='bbox 974 2340 1219 2375; x_wconf 82' lang='lat' dir='ltr'>Mittelalters</span> <span class='ocrx_word' id='word_1_333' title='bbox 1254 2341 1364 2375; x_wconf 84' lang='lat' dir='ltr'>sein?</span> <span class='ocrx_word' id='word_1_334' title='bbox 1425 2340 1463 2374; x_wconf 83' lang='lat' dir='ltr'>J¹</span> <span class='ocrx_word' id='word_1_335' title='bbox 1497 2338 1659 2374; x_wconf 77' lang='lat' dir='ltr'>erklart:</span> 
     </span>
    </p>
   </div>
   <div class='ocr_carea' id='block_1_16' title="bbox 251 2385 1661 2526">
    <p class='ocr_par' dir='ltr' id='par_1_17' title="bbox 251 2385 1661 2526">
     <span class='ocr_line' id='line_1_43' title="bbox 252 2385 1660 2431; baseline 0 -12"><span class='ocrx_word' id='word_1_336' title='bbox 252 2387 430 2420; x_wconf 86' lang='lat' dir='ltr'>astra...</span> <span class='ocrx_word' id='word_1_337' title='bbox 461 2397 557 2431; x_wconf 86' lang='lat' dir='ltr'>quae</span> <span class='ocrx_word' id='word_1_338' title='bbox 601 2389 691 2421; x_wconf 88' lang='lat' dir='ltr'>sunt</span> <span class='ocrx_word' id='word_1_339' title='bbox 725 2387 772 2421; x_wconf 85' lang='lat' dir='ltr'>ad</span> <span class='ocrx_word' id='word_1_340' title='bbox 816 2387 1031 2422; x_wconf 77' lang='lat' dir='ltr'>custodiam</span> <span class='ocrx_word' id='word_1_341' title='bbox 1067 2387 1267 2421; x_wconf 83' lang='lat' dir='ltr'>hominum</span> <span class='ocrx_word' id='word_1_342' title='bbox 1296 2388 1434 2431; x_wconf 84' lang='lat' dir='ltr'>posita.</span> <span class='ocrx_word' id='word_1_343' title='bbox 1482 2408 1517 2411; x_wconf 97' lang='lat'><strong>—</strong></span> <span class='ocrx_word' id='word_1_344' title='bbox 1551 2390 1568 2421; x_wconf 87' lang='lat'><strong>7</strong></span> <span class='ocrx_word' id='word_1_345' title='bbox 1605 2385 1660 2419; x_wconf 88' lang='lat' dir='ltr'>di-</span> 
     </span>
     <span class='ocr_line' id='line_1_44' title="bbox 251 2433 1659 2474; baseline 0 -6"><span class='ocrx_word' id='word_1_346' title='bbox 251 2433 303 2468; x_wconf 85' lang='lat' dir='ltr'>cis</span> <span class='ocrx_word' id='word_1_347' title='bbox 333 2433 406 2474; x_wconf 79' lang='lat' dir='ltr'>Ba;</span> <span class='ocrx_word' id='word_1_348' title='bbox 436 2433 571 2468; x_wconf 82' lang='lat' dir='ltr'>dieunt</span> <span class='ocrx_word' id='word_1_349' title='bbox 600 2434 653 2468; x_wconf 84' lang='lat' dir='ltr'>La</span> <span class='ocrx_word' id='word_1_350' title='bbox 683 2434 779 2469; x_wconf 87' lang='lat' dir='ltr'>nach</span> <span class='ocrx_word' id='word_1_351' title='bbox 803 2435 860 2472; x_wconf 63' lang='lat'>211:</span> <span class='ocrx_word' id='word_1_352' title='bbox 893 2435 1033 2469; x_wconf 81' lang='lat' dir='ltr'>dicitur</span> <span class='ocrx_word' id='word_1_353' title='bbox 1056 2434 1102 2468; x_wconf 65' lang='grc' dir='ltr'>ΡΥ</span> <span class='ocrx_word' id='word_1_354' title='bbox 1126 2434 1222 2469; x_wconf 85' lang='lat' dir='ltr'>nach</span> <span class='ocrx_word' id='word_1_355' title='bbox 1256 2435 1315 2469; x_wconf 89' lang='lat' dir='ltr'>Ps.</span> <span class='ocrx_word' id='word_1_356' title='bbox 1354 2456 1390 2459; x_wconf 88' lang='lat'><em>-</em></span> <span class='ocrx_word' id='word_1_357' title='bbox 1423 2437 1442 2468; x_wconf 89' lang='lat'>8</span> <span class='ocrx_word' id='word_1_358' title='bbox 1468 2433 1659 2469; x_wconf 85' lang='lat' dir='ltr'>falsidica:</span> 
     </span>
     <span class='ocr_line' id='line_1_45' title="bbox 251 2480 1661 2526; baseline -0.001 -12"><span class='ocrx_word' id='word_1_359' title='bbox 251 2480 475 2524; x_wconf 80' lang='lat' dir='ltr'>soALSy3</span> <span class='ocrx_word' id='word_1_360' title='bbox 506 2482 552 2515; x_wconf 84' lang='grc' dir='ltr'>οὐ</span> <span class='ocrx_word' id='word_1_361' title='bbox 587 2482 734 2526; x_wconf 79' lang='grc' dir='ltr'><em>ψευδής</em></span> <span class='ocrx_word' id='word_1_362' title='bbox 763 2482 1070 2526; x_wconf 84' lang='lat' dir='ltr'>VaArCBBy.</span> <span class='ocrx_word' id='word_1_363' title='bbox 1115 2502 1151 2505; x_wconf 75' lang='lat'>—</span> <span class='ocrx_word' id='word_1_364' title='bbox 1191 2485 1210 2516; x_wconf 83' lang='grc'>9</span> <span class='ocrx_word' id='word_1_365' title='bbox 1239 2484 1346 2517; x_wconf 86' lang='lat' dir='ltr'>at...</span> <span class='ocrx_word' id='word_1_366' title='bbox 1383 2482 1470 2518; x_wconf 86' lang='lat' dir='ltr'>erit:</span> <span class='ocrx_word' id='word_1_367' title='bbox 1509 2491 1549 2515; x_wconf 84' lang='lat' dir='ltr'>so</span> <span class='ocrx_word' id='word_1_368' title='bbox 1576 2481 1609 2514; x_wconf 90' lang='lat' dir='ltr'><strong>A</strong></span> <span class='ocrx_word' id='word_1_369' title='bbox 1631 2480 1661 2513; x_wconf 92' lang='lat' dir='ltr'>L</span> 
     </span>
    </p>
   </div>
   <div class='ocr_carea' id='block_1_17' title="bbox 249 2526 1660 2621">
    <p class='ocr_par' dir='ltr' id='par_1_18' title="bbox 249 2526 1660 2621">
     <span class='ocr_line' id='line_1_46' title="bbox 254 2526 1660 2574; baseline -0.001 -13"><span class='ocrx_word' id='word_1_370' title='bbox 254 2527 317 2571; x_wconf 84' lang='lat' dir='ltr'>Sy.</span> <span class='ocrx_word' id='word_1_371' title='bbox 362 2548 397 2550; x_wconf 97' lang='lat'><strong>—</strong></span> <span class='ocrx_word' id='word_1_372' title='bbox 438 2530 480 2561; x_wconf 78' lang='lat'>14</span> <span class='ocrx_word' id='word_1_373' title='bbox 521 2528 681 2573; x_wconf 84' lang='lat' dir='ltr'>largitur</span> <span class='ocrx_word' id='word_1_374' title='bbox 725 2528 900 2564; x_wconf 85' lang='lat' dir='ltr'>divicias:</span> <span class='ocrx_word' id='word_1_375' title='bbox 947 2529 1219 2574; x_wconf 78' lang='grc' dir='ltr'><strong><em>πλουτηφόρος</em></strong></span> <span class='ocrx_word' id='word_1_376' title='bbox 1255 2529 1360 2573; x_wconf 87' lang='lat' dir='ltr'>LBy</span> <span class='ocrx_word' id='word_1_377' title='bbox 1408 2528 1522 2573; x_wconf 89' lang='lat' dir='ltr'>(wohl</span> <span class='ocrx_word' id='word_1_378' title='bbox 1563 2526 1660 2561; x_wconf 84' lang='lat' dir='ltr'>auc-h</span> 
     </span>
     <span class='ocr_line' id='line_1_47' title="bbox 249 2574 1269 2621; baseline 0.002 -13"><span class='ocrx_word' id='word_1_379' title='bbox 249 2574 298 2617; x_wconf 84' lang='lat' dir='ltr'>A)</span> <span class='ocrx_word' id='word_1_380' title='bbox 333 2595 369 2598; x_wconf 96' lang='lat'><strong>—</strong></span> <span class='ocrx_word' id='word_1_381' title='bbox 400 2578 442 2610; x_wconf 84' lang='lat'>17</span> <span class='ocrx_word' id='word_1_382' title='bbox 472 2575 650 2611; x_wconf 84' lang='lat' dir='ltr'>arietina:</span> <span class='ocrx_word' id='word_1_383' title='bbox 679 2586 752 2619; x_wconf 85' lang='lat' dir='ltr'>erg.</span> <span class='ocrx_word' id='word_1_384' title='bbox 769 2575 817 2610; x_wconf 83' lang='lat' dir='ltr'>Pf</span> <span class='ocrx_word' id='word_1_385' title='bbox 841 2587 910 2610; x_wconf 90' lang='lat' dir='ltr'>aus</span> <span class='ocrx_word' id='word_1_386' title='bbox 939 2576 978 2610; x_wconf 82' lang='lat' dir='ltr'>J¹</span> <span class='ocrx_word' id='word_1_387' title='bbox 1007 2593 1049 2604; x_wconf 92' lang='lat'><strong><em>=</em></strong></span> <span class='ocrx_word' id='word_1_388' title='bbox 1075 2580 1188 2621; x_wconf 82' lang='grc' dir='ltr'><em>κριοῦ</em></span> <span class='ocrx_word' id='word_1_389' title='bbox 1210 2576 1269 2611; x_wconf 87' lang='lat' dir='ltr'>Ps.</span> 
     </span>
    </p>
   </div>
  </div>
 </body>
</html>
