<?xml version="1.0" encoding="UTF-8"?>
<!DOCTYPE html PUBLIC "-//W3C//DTD XHTML 1.0 Transitional//EN"
    "http://www.w3.org/TR/xhtml1/DTD/xhtml1-transitional.dtd">
<html xmlns="http://www.w3.org/1999/xhtml" xml:lang="en" lang="en">
 <head>
  <title>
</title>
<meta http-equiv="Content-Type" content="text/html;charset=utf-8" />
  <meta name='ocr-system' content='tesseract 3.04.00' />
  <meta name='ocr-capabilities' content='ocr_page ocr_carea ocr_par ocr_line ocrx_word'/>
</head>
<body>
  <div class='ocr_page' id='page_1' title='image "./deralexanderroma00leoauoft_0129.png"; bbox 0 0 1778 2875; ppageno 0'>
   <div class='ocr_carea' id='block_1_1' title="bbox 691 159 945 191">
    <p class='ocr_par' dir='ltr' id='par_1_1' title="bbox 691 159 945 191">
     <span class='ocr_line' id='line_1_1' title="bbox 691 159 945 191; baseline 0.004 -1"><span class='ocrx_word' id='word_1_1' title='bbox 691 159 945 191; x_wconf 84' lang='lat'>-117—</span> 
     </span>
    </p>
   </div>
   <div class='ocr_carea' id='block_1_2' title="bbox 113 266 1694 2325">
    <p class='ocr_par' dir='ltr' id='par_1_2' title="bbox 113 266 1694 2325">
     <span class='ocr_line' id='line_1_2' title="bbox 113 266 1687 319; baseline 0 -13"><span class='ocrx_word' id='word_1_2' title='bbox 113 266 328 306; x_wconf 82' lang='lat' dir='ltr'>habuisses</span> <span class='ocrx_word' id='word_1_3' title='bbox 354 267 552 319; x_wconf 82' lang='lat' dir='ltr'>gladium,</span> <span class='ocrx_word' id='word_1_4' title='bbox 581 268 681 319; x_wconf 91' lang='lat' dir='ltr'>quid</span> <span class='ocrx_word' id='word_1_5' title='bbox 708 268 842 307; x_wconf 81' lang='lat' dir='ltr'>faeere</span> <span class='ocrx_word' id='word_1_6' title='bbox 869 273 1068 319; x_wconf 77' lang='lat' dir='ltr'>potueras</span> <span class='ocrx_word' id='word_1_7' title='bbox 1081 268 1126 306; x_wconf 80' lang='lat'>?“</span> <span class='ocrx_word' id='word_1_8' title='bbox 1180 268 1236 306; x_wconf 85' lang='lat' dir='ltr'>Et</span> <span class='ocrx_word' id='word_1_9' title='bbox 1260 267 1517 307; x_wconf 74' lang='lat' dir='ltr'>Alexander:</span> <span class='ocrx_word' id='word_1_10' title='bbox 1545 281 1568 306; x_wconf 79' lang='grc' dir='ltr'>Β</span> <span class='ocrx_word' id='word_1_11' title='bbox 1595 280 1687 307; x_wconf 70' lang='grc'><strong>2151)</strong></span> 
     </span>
     <span class='ocr_line' id='line_1_3' title="bbox 115 320 1520 384; baseline 0.001 -14"><span class='ocrx_word' id='word_1_12' title='bbox 115 332 257 383; x_wconf 87' lang='lat' dir='ltr'>„Quia</span> <span class='ocrx_word' id='word_1_13' title='bbox 287 332 469 371; x_wconf 88' lang='lat' dir='ltr'>traditus</span> <span class='ocrx_word' id='word_1_14' title='bbox 500 345 592 371; x_wconf 90' lang='lat' dir='ltr'>sum</span> <span class='ocrx_word' id='word_1_15' title='bbox 622 346 693 384; x_wconf 90' lang='lat' dir='ltr'>per</span> <span class='ocrx_word' id='word_1_16' title='bbox 723 345 861 372; x_wconf 89' lang='lat' dir='ltr'>meam</span> <span class='ocrx_word' id='word_1_17' title='bbox 890 333 1170 381; x_wconf 86' lang='lat' dir='ltr'>voluntatem,</span> <span class='ocrx_word' id='word_1_18' title='bbox 1202 320 1385 383; x_wconf 84' lang='lat' dir='ltr'>primum</span> <span class='ocrx_word' id='word_1_19' title='bbox 1416 333 1520 372; x_wconf 80' lang='lat' dir='ltr'>occi-</span> 
     </span>
     <span class='ocr_line' id='line_1_4' title="bbox 114 396 1519 449; baseline 0 -13"><span class='ocrx_word' id='word_1_20' title='bbox 114 397 212 436; x_wconf 90' lang='lat' dir='ltr'>dam</span> <span class='ocrx_word' id='word_1_21' title='bbox 241 401 295 445; x_wconf 91' lang='lat' dir='ltr'>te,</span> <span class='ocrx_word' id='word_1_22' title='bbox 326 402 473 448; x_wconf 88' lang='lat' dir='ltr'>postea</span> <span class='ocrx_word' id='word_1_23' title='bbox 500 402 657 436; x_wconf 88' lang='lat' dir='ltr'>memet</span> <span class='ocrx_word' id='word_1_24' title='bbox 685 398 865 448; x_wconf 87' lang='lat' dir='ltr'>ipsum.“</span> <span class='ocrx_word' id='word_1_25' title='bbox 922 397 997 436; x_wconf 91' lang='lat' dir='ltr'>Cui</span> <span class='ocrx_word' id='word_1_26' title='bbox 1025 397 1112 436; x_wconf 87' lang='lat' dir='ltr'>illa:</span> <span class='ocrx_word' id='word_1_27' title='bbox 1171 397 1257 445; x_wconf 89' lang='lat' dir='ltr'>„Et</span> <span class='ocrx_word' id='word_1_28' title='bbox 1285 396 1375 446; x_wconf 82' lang='grc'><strong>1100,</strong></span> <span class='ocrx_word' id='word_1_29' title='bbox 1407 397 1519 449; x_wconf 91' lang='lat' dir='ltr'>quod</span> 
     </span>
     <span class='ocr_line' id='line_1_5' title="bbox 117 461 1519 513; baseline 0.001 -13"><span class='ocrx_word' id='word_1_30' title='bbox 117 462 273 510; x_wconf 78' lang='lat' dir='ltr'>dixisti,</span> <span class='ocrx_word' id='word_1_31' title='bbox 298 462 405 500; x_wconf 84' lang='grc'><strong>510111</strong></span> <span class='ocrx_word' id='word_1_32' title='bbox 428 462 590 513; x_wconf 85' lang='lat' dir='ltr'>sapiens</span> <span class='ocrx_word' id='word_1_33' title='bbox 612 462 840 513; x_wconf 88' lang='lat' dir='ltr'>imperator</span> <span class='ocrx_word' id='word_1_34' title='bbox 863 461 1020 500; x_wconf 77' lang='lat' dir='ltr'>dixisti.</span> <span class='ocrx_word' id='word_1_35' title='bbox 1066 461 1147 501; x_wconf 89' lang='lat' dir='ltr'>Sed</span> <span class='ocrx_word' id='word_1_36' title='bbox 1169 466 1327 510; x_wconf 85' lang='lat' dir='ltr'>tamen,</span> <span class='ocrx_word' id='word_1_37' title='bbox 1351 475 1401 500; x_wconf 90' lang='lat' dir='ltr'>ne</span> <span class='ocrx_word' id='word_1_38' title='bbox 1425 475 1519 501; x_wconf 81' lang='lat' dir='ltr'>oon-</span> 
     </span>
     <span class='ocr_line' id='line_1_6' title="bbox 115 526 1560 577; baseline 0 -13"><span class='ocrx_word' id='word_1_39' title='bbox 115 526 303 574; x_wconf 86' lang='lat' dir='ltr'>tristeris,</span> <span class='ocrx_word' id='word_1_40' title='bbox 338 526 448 577; x_wconf 88' lang='lat' dir='ltr'>quia,</span> <span class='ocrx_word' id='word_1_41' title='bbox 483 526 590 565; x_wconf 86' lang='lat' dir='ltr'>siout</span> <span class='ocrx_word' id='word_1_42' title='bbox 622 531 669 564; x_wconf 88' lang='lat' dir='ltr'>tu</span> <span class='ocrx_word' id='word_1_43' title='bbox 702 526 914 565; x_wconf 88' lang='lat' dir='ltr'>adiuvasti</span> <span class='ocrx_word' id='word_1_44' title='bbox 946 530 989 565; x_wconf 90' lang='lat' dir='ltr'>et</span> <span class='ocrx_word' id='word_1_45' title='bbox 1021 526 1207 565; x_wconf 79' lang='lat' dir='ltr'>liberasti</span> <span class='ocrx_word' id='word_1_46' title='bbox 1240 539 1413 565; x_wconf 87' lang='lat' dir='ltr'>uxorem</span> <span class='ocrx_word' id='word_1_47' title='bbox 1448 527 1521 565; x_wconf 85' lang='lat' dir='ltr'>filii</span> <span class='ocrx_word' id='word_1_48' title='bbox 1542 535 1560 561; x_wconf 87' lang='lat'>5</span> 
     </span>
     <span class='ocr_line' id='line_1_7' title="bbox 114 591 1521 641; baseline 0 -11"><span class='ocrx_word' id='word_1_49' title='bbox 114 591 196 630; x_wconf 89' lang='lat' dir='ltr'>mei</span> <span class='ocrx_word' id='word_1_50' title='bbox 232 591 281 630; x_wconf 94' lang='lat' dir='ltr'>de</span> <span class='ocrx_word' id='word_1_51' title='bbox 317 591 510 630; x_wconf 86' lang='lat' dir='ltr'>manibus</span> <span class='ocrx_word' id='word_1_52' title='bbox 546 591 808 629; x_wconf 83' lang='lat' dir='ltr'>inimieorum</span> <span class='ocrx_word' id='word_1_53' title='bbox 845 603 1028 639; x_wconf 91' lang='lat' dir='ltr'>suorum,</span> <span class='ocrx_word' id='word_1_54' title='bbox 1067 591 1123 629; x_wconf 85' lang='lat' dir='ltr'>sio</span> <span class='ocrx_word' id='word_1_55' title='bbox 1158 595 1200 629; x_wconf 89' lang='lat' dir='ltr'>et</span> <span class='ocrx_word' id='word_1_56' title='bbox 1236 603 1310 641; x_wconf 86' lang='lat' dir='ltr'>ego</span> <span class='ocrx_word' id='word_1_57' title='bbox 1346 604 1443 629; x_wconf 91' lang='lat' dir='ltr'>eruo</span> <span class='ocrx_word' id='word_1_58' title='bbox 1480 596 1521 630; x_wconf 88' lang='lat' dir='ltr'>et</span> 
     </span>
     <span class='ocr_line' id='line_1_8' title="bbox 115 655 1519 703; baseline 0 -9"><span class='ocrx_word' id='word_1_59' title='bbox 115 656 298 695; x_wconf 87' lang='lat' dir='ltr'>liberabo</span> <span class='ocrx_word' id='word_1_60' title='bbox 341 660 382 694; x_wconf 92' lang='lat' dir='ltr'>te</span> <span class='ocrx_word' id='word_1_61' title='bbox 426 655 475 694; x_wconf 90' lang='lat' dir='ltr'>de</span> <span class='ocrx_word' id='word_1_62' title='bbox 519 655 713 694; x_wconf 89' lang='lat' dir='ltr'>manibus</span> <span class='ocrx_word' id='word_1_63' title='bbox 756 655 1044 703; x_wconf 87' lang='lat' dir='ltr'>barbarorum,</span> <span class='ocrx_word' id='word_1_64' title='bbox 1090 660 1137 694; x_wconf 90' lang='lat' dir='ltr'>ut</span> <span class='ocrx_word' id='word_1_65' title='bbox 1179 668 1264 694; x_wconf 92' lang='lat' dir='ltr'>non</span> <span class='ocrx_word' id='word_1_66' title='bbox 1307 656 1519 703; x_wconf 74' lang='lat' dir='ltr'>occidaris,</span> 
     </span>
     <span class='ocr_line' id='line_1_9' title="bbox 115 720 1519 771; baseline 0 -12"><span class='ocrx_word' id='word_1_67' title='bbox 115 721 225 771; x_wconf 88' lang='lat' dir='ltr'>quia,</span> <span class='ocrx_word' id='word_1_68' title='bbox 265 721 296 759; x_wconf 91' lang='lat' dir='ltr'>si</span> <span class='ocrx_word' id='word_1_69' title='bbox 332 725 480 759; x_wconf 89' lang='lat' dir='ltr'>notum</span> <span class='ocrx_word' id='word_1_70' title='bbox 519 720 643 759; x_wconf 82' lang='lat' dir='ltr'>fuerit</span> <span class='ocrx_word' id='word_1_71' title='bbox 679 720 756 759; x_wconf 92' lang='lat' dir='ltr'>illis</span> <span class='ocrx_word' id='word_1_72' title='bbox 793 720 843 759; x_wconf 89' lang='lat' dir='ltr'>de</span> <span class='ocrx_word' id='word_1_73' title='bbox 880 720 1067 759; x_wconf 85' lang='lat' dir='ltr'>adventu</span> <span class='ocrx_word' id='word_1_74' title='bbox 1106 725 1193 767; x_wconf 89' lang='lat' dir='ltr'>tuo,</span> <span class='ocrx_word' id='word_1_75' title='bbox 1231 720 1429 759; x_wconf 82' lang='lat' dir='ltr'>occidunt</span> <span class='ocrx_word' id='word_1_76' title='bbox 1466 725 1519 769; x_wconf 90' lang='lat' dir='ltr'>te,</span> 
     </span>
     <span class='ocr_line' id='line_1_10' title="bbox 116 785 1521 836; baseline 0.001 -13"><span class='ocrx_word' id='word_1_77' title='bbox 116 785 325 836; x_wconf 90' lang='lat' dir='ltr'>quomodo</span> <span class='ocrx_word' id='word_1_78' title='bbox 374 790 420 824; x_wconf 90' lang='lat' dir='ltr'>tu</span> <span class='ocrx_word' id='word_1_79' title='bbox 469 785 657 824; x_wconf 82' lang='lat' dir='ltr'>occidisti</span> <span class='ocrx_word' id='word_1_80' title='bbox 696 785 863 833; x_wconf 89' lang='lat' dir='ltr'>Porum,</span> <span class='ocrx_word' id='word_1_81' title='bbox 906 785 1106 823; x_wconf 90' lang='lat' dir='ltr'>Indorum</span> <span class='ocrx_word' id='word_1_82' title='bbox 1153 797 1305 835; x_wconf 79' lang='lat' dir='ltr'>regem,</span> <span class='ocrx_word' id='word_1_83' title='bbox 1346 786 1443 836; x_wconf 91' lang='lat' dir='ltr'>quia</span> <span class='ocrx_word' id='word_1_84' title='bbox 1481 790 1521 824; x_wconf 87' lang='lat' dir='ltr'>et</span> 
     </span>
     <span class='ocr_line' id='line_1_11' title="bbox 115 849 1586 889; baseline 0.001 -1"><span class='ocrx_word' id='word_1_85' title='bbox 115 863 219 889; x_wconf 90' lang='lat' dir='ltr'>uxor</span> <span class='ocrx_word' id='word_1_86' title='bbox 254 850 425 889; x_wconf 87' lang='lat' dir='ltr'>iunioris</span> <span class='ocrx_word' id='word_1_87' title='bbox 462 850 535 888; x_wconf 91' lang='lat' dir='ltr'>filii</span> <span class='ocrx_word' id='word_1_88' title='bbox 571 850 651 888; x_wconf 88' lang='lat' dir='ltr'>mei</span> <span class='ocrx_word' id='word_1_89' title='bbox 688 849 774 888; x_wconf 85' lang='lat' dir='ltr'>filia</span> <span class='ocrx_word' id='word_1_90' title='bbox 811 850 905 888; x_wconf 90' lang='lat' dir='ltr'>Pori</span> <span class='ocrx_word' id='word_1_91' title='bbox 942 850 1046 889; x_wconf 86' lang='lat' dir='ltr'>est.“</span> <span class='ocrx_word' id='word_1_92' title='bbox 1551 852 1586 878; x_wconf 84' lang='lat'>¹0</span> 
     </span>
     <span class='ocr_line' id='line_1_12' title="bbox 223 915 1523 965; baseline 0 -12"><span class='ocrx_word' id='word_1_93' title='bbox 223 915 285 954; x_wconf 86' lang='lat'>23.</span> <span class='ocrx_word' id='word_1_94' title='bbox 327 915 381 953; x_wconf 89' lang='lat' dir='ltr'>Et</span> <span class='ocrx_word' id='word_1_95' title='bbox 418 915 519 953; x_wconf 86' lang='lat' dir='ltr'>exiit</span> <span class='ocrx_word' id='word_1_96' title='bbox 556 915 667 953; x_wconf 87' lang='lat' dir='ltr'>foras</span> <span class='ocrx_word' id='word_1_97' title='bbox 704 915 856 953; x_wconf 84' lang='lat' dir='ltr'>iterum</span> <span class='ocrx_word' id='word_1_98' title='bbox 895 919 1040 953; x_wconf 88' lang='lat' dir='ltr'>tenens</span> <span class='ocrx_word' id='word_1_99' title='bbox 1077 927 1142 953; x_wconf 89' lang='lat' dir='ltr'>me</span> <span class='ocrx_word' id='word_1_100' title='bbox 1180 928 1252 965; x_wconf 88' lang='lat' dir='ltr'>per</span> <span class='ocrx_word' id='word_1_101' title='bbox 1289 927 1461 953; x_wconf 89' lang='lat' dir='ltr'>manum</span> <span class='ocrx_word' id='word_1_102' title='bbox 1482 920 1523 953; x_wconf 87' lang='lat' dir='ltr'>et</span> 
     </span>
     <span class='ocr_line' id='line_1_13' title="bbox 116 979 1522 1030; baseline 0.001 -12"><span class='ocrx_word' id='word_1_103' title='bbox 116 980 224 1018; x_wconf 85' lang='lat' dir='ltr'>dixit</span> <span class='ocrx_word' id='word_1_104' title='bbox 255 979 350 1018; x_wconf 86' lang='lat' dir='ltr'>filiis</span> <span class='ocrx_word' id='word_1_105' title='bbox 381 979 482 1018; x_wconf 84' lang='lat' dir='ltr'>suis:</span> <span class='ocrx_word' id='word_1_106' title='bbox 545 980 608 1028; x_wconf 91' lang='lat' dir='ltr'>„O</span> <span class='ocrx_word' id='word_1_107' title='bbox 641 979 698 1018; x_wconf 85' lang='lat' dir='ltr'>fili</span> <span class='ocrx_word' id='word_1_108' title='bbox 731 979 933 1019; x_wconf 89' lang='lat' dir='ltr'>Candauli</span> <span class='ocrx_word' id='word_1_109' title='bbox 966 985 1008 1018; x_wconf 87' lang='lat' dir='ltr'>et</span> <span class='ocrx_word' id='word_1_110' title='bbox 1039 985 1099 1027; x_wconf 84' lang='lat' dir='ltr'>tu,</span> <span class='ocrx_word' id='word_1_111' title='bbox 1133 992 1155 1018; x_wconf 95' lang='lat' dir='ltr'>o</span> <span class='ocrx_word' id='word_1_112' title='bbox 1188 979 1274 1018; x_wconf 87' lang='lat' dir='ltr'>filia</span> <span class='ocrx_word' id='word_1_113' title='bbox 1306 980 1522 1030; x_wconf 84' lang='lat' dir='ltr'>Marpissa,</span> 
     </span>
     <span class='ocr_line' id='line_1_14' title="bbox 115 1044 1523 1096; baseline 0 -13"><span class='ocrx_word' id='word_1_114' title='bbox 115 1045 261 1083; x_wconf 88' lang='lat' dir='ltr'>demus</span> <span class='ocrx_word' id='word_1_115' title='bbox 298 1044 466 1095; x_wconf 88' lang='lat' dir='ltr'>aliquod</span> <span class='ocrx_word' id='word_1_116' title='bbox 503 1044 661 1083; x_wconf 87' lang='lat' dir='ltr'>bonum</span> <span class='ocrx_word' id='word_1_117' title='bbox 698 1044 794 1083; x_wconf 79' lang='lat' dir='ltr'>huie</span> <span class='ocrx_word' id='word_1_118' title='bbox 830 1045 954 1083; x_wconf 88' lang='lat' dir='ltr'>misso</span> <span class='ocrx_word' id='word_1_119' title='bbox 991 1044 1261 1083; x_wconf 77' lang='lat' dir='ltr'>Alexandri.“</span> <span class='ocrx_word' id='word_1_120' title='bbox 1339 1045 1523 1096; x_wconf 74' lang='lat' dir='ltr'>Respon-</span> 
     </span>
     <span class='ocr_line' id='line_1_15' title="bbox 117 1109 1522 1158; baseline 0.001 -11"><span class='ocrx_word' id='word_1_121' title='bbox 117 1110 218 1148; x_wconf 88' lang='lat' dir='ltr'>dens</span> <span class='ocrx_word' id='word_1_122' title='bbox 255 1109 358 1148; x_wconf 89' lang='lat' dir='ltr'>alius</span> <span class='ocrx_word' id='word_1_123' title='bbox 397 1109 506 1147; x_wconf 86' lang='lat' dir='ltr'>filius</span> <span class='ocrx_word' id='word_1_124' title='bbox 543 1109 643 1157; x_wconf 80' lang='lat' dir='ltr'>eius,</span> <span class='ocrx_word' id='word_1_125' title='bbox 682 1110 868 1158; x_wconf 89' lang='lat' dir='ltr'>Carator,</span> <span class='ocrx_word' id='word_1_126' title='bbox 908 1109 1033 1148; x_wconf 89' lang='lat' dir='ltr'>dixit:</span> <span class='ocrx_word' id='word_1_127' title='bbox 1074 1109 1138 1158; x_wconf 89' lang='lat' dir='ltr'>„O</span> <span class='ocrx_word' id='word_1_128' title='bbox 1175 1115 1324 1158; x_wconf 86' lang='lat' dir='ltr'>mater,</span> <span class='ocrx_word' id='word_1_129' title='bbox 1363 1122 1522 1158; x_wconf 79' lang='lat' dir='ltr'>verum,</span> 
     </span>
     <span class='ocr_line' id='line_1_16' title="bbox 118 1173 1583 1225; baseline -0.001 -13"><span class='ocrx_word' id='word_1_130' title='bbox 118 1175 216 1225; x_wconf 86' lang='lat' dir='ltr'>quia</span> <span class='ocrx_word' id='word_1_131' title='bbox 246 1173 483 1213; x_wconf 83' lang='lat' dir='ltr'>Alexander</span> <span class='ocrx_word' id='word_1_132' title='bbox 516 1174 668 1213; x_wconf 89' lang='lat' dir='ltr'>direxit</span> <span class='ocrx_word' id='word_1_133' title='bbox 701 1173 948 1213; x_wconf 81' lang='lat' dir='ltr'>abstrahens</span> <span class='ocrx_word' id='word_1_134' title='bbox 982 1187 1154 1213; x_wconf 83' lang='lat' dir='ltr'>uxorem</span> <span class='ocrx_word' id='word_1_135' title='bbox 1189 1174 1328 1213; x_wconf 84' lang='lat' dir='ltr'>fratris</span> <span class='ocrx_word' id='word_1_136' title='bbox 1360 1175 1440 1213; x_wconf 88' lang='lat' dir='ltr'>mei</span> <span class='ocrx_word' id='word_1_137' title='bbox 1473 1174 1523 1213; x_wconf 69' lang='lat' dir='ltr'>de</span> <span class='ocrx_word' id='word_1_138' title='bbox 1549 1178 1583 1203; x_wconf 83' lang='lat'>15</span> 
     </span>
     <span class='ocr_line' id='line_1_17' title="bbox 116 1238 1524 1287; baseline 0 -10"><span class='ocrx_word' id='word_1_139' title='bbox 116 1238 309 1278; x_wconf 86' lang='lat' dir='ltr'>manibus</span> <span class='ocrx_word' id='word_1_140' title='bbox 346 1239 607 1278; x_wconf 83' lang='lat' dir='ltr'>inimieorum</span> <span class='ocrx_word' id='word_1_141' title='bbox 645 1244 688 1278; x_wconf 89' lang='lat' dir='ltr'>et</span> <span class='ocrx_word' id='word_1_142' title='bbox 723 1239 907 1278; x_wconf 81' lang='lat' dir='ltr'>reddidit</span> <span class='ocrx_word' id='word_1_143' title='bbox 944 1252 1035 1278; x_wconf 90' lang='lat' dir='ltr'>eam</span> <span class='ocrx_word' id='word_1_144' title='bbox 1074 1239 1150 1287; x_wconf 84' lang='grc'><strong>1111;</strong></span> <span class='ocrx_word' id='word_1_145' title='bbox 1190 1244 1253 1278; x_wconf 86' lang='lat' dir='ltr'>set</span> <span class='ocrx_word' id='word_1_146' title='bbox 1290 1252 1395 1278; x_wconf 85' lang='lat' dir='ltr'>uxor</span> <span class='ocrx_word' id='word_1_147' title='bbox 1432 1252 1524 1278; x_wconf 87' lang='lat' dir='ltr'>mea</span> 
     </span>
     <span class='ocr_line' id='line_1_18' title="bbox 117 1303 1524 1355; baseline 0.001 -13"><span class='ocrx_word' id='word_1_148' title='bbox 117 1303 328 1354; x_wconf 83' lang='lat' dir='ltr'>compellit</span> <span class='ocrx_word' id='word_1_149' title='bbox 367 1316 432 1342; x_wconf 93' lang='lat' dir='ltr'>me</span> <span class='ocrx_word' id='word_1_150' title='bbox 474 1303 585 1342; x_wconf 86' lang='lat' dir='ltr'>huno</span> <span class='ocrx_word' id='word_1_151' title='bbox 626 1304 810 1343; x_wconf 80' lang='lat' dir='ltr'>occidere</span> <span class='ocrx_word' id='word_1_152' title='bbox 851 1305 1113 1355; x_wconf 83' lang='lat' dir='ltr'>Antigonum</span> <span class='ocrx_word' id='word_1_153' title='bbox 1154 1317 1228 1355; x_wconf 92' lang='lat' dir='ltr'>pro</span> <span class='ocrx_word' id='word_1_154' title='bbox 1270 1304 1524 1353; x_wconf 83' lang='lat' dir='ltr'>Alexandro,</span> 
     </span>
     <span class='ocr_line' id='line_1_19' title="bbox 117 1368 1525 1420; baseline 0.001 -13"><span class='ocrx_word' id='word_1_155' title='bbox 117 1369 214 1420; x_wconf 88' lang='lat' dir='ltr'>quia</span> <span class='ocrx_word' id='word_1_156' title='bbox 235 1368 386 1407; x_wconf 82' lang='lat' dir='ltr'>occidit</span> <span class='ocrx_word' id='word_1_157' title='bbox 401 1368 567 1418; x_wconf 79' lang='lat' dir='ltr'>Porum,</span> <span class='ocrx_word' id='word_1_158' title='bbox 592 1374 757 1420; x_wconf 88' lang='lat' dir='ltr'>patrem</span> <span class='ocrx_word' id='word_1_159' title='bbox 781 1369 880 1418; x_wconf 88' lang='lat' dir='ltr'>eius,</span> <span class='ocrx_word' id='word_1_160' title='bbox 905 1374 953 1408; x_wconf 90' lang='lat' dir='ltr'>ut</span> <span class='ocrx_word' id='word_1_161' title='bbox 975 1370 1149 1420; x_wconf 83' lang='lat' dir='ltr'>recipiat</span> <span class='ocrx_word' id='word_1_162' title='bbox 1172 1382 1246 1420; x_wconf 92' lang='lat' dir='ltr'>pro</span> <span class='ocrx_word' id='word_1_163' title='bbox 1271 1382 1317 1408; x_wconf 87' lang='lat' dir='ltr'>eo</span> <span class='ocrx_word' id='word_1_164' title='bbox 1342 1369 1525 1408; x_wconf 87' lang='lat' dir='ltr'>dolorem</span> 
     </span>
     <span class='ocr_line' id='line_1_20' title="bbox 116 1433 1524 1485; baseline 0 -13"><span class='ocrx_word' id='word_1_165' title='bbox 116 1433 395 1472; x_wconf 83' lang='lat' dir='ltr'>Alexander.“</span> <span class='ocrx_word' id='word_1_166' title='bbox 458 1433 661 1473; x_wconf 81' lang='lat' dir='ltr'>Candacis</span> <span class='ocrx_word' id='word_1_167' title='bbox 693 1434 818 1473; x_wconf 88' lang='lat' dir='ltr'>dixit:</span> <span class='ocrx_word' id='word_1_168' title='bbox 883 1434 1038 1485; x_wconf 87' lang='lat' dir='ltr'>„Quod</span> <span class='ocrx_word' id='word_1_169' title='bbox 1072 1447 1225 1472; x_wconf 90' lang='lat' dir='ltr'>nomen</span> <span class='ocrx_word' id='word_1_170' title='bbox 1258 1434 1524 1485; x_wconf 76' lang='lat' dir='ltr'>acquirimus,</span> 
     </span>
     <span class='ocr_line' id='line_1_21' title="bbox 119 1497 1586 1550; baseline 0.001 -14"><span class='ocrx_word' id='word_1_171' title='bbox 119 1498 149 1536; x_wconf 90' lang='lat' dir='ltr'>si</span> <span class='ocrx_word' id='word_1_172' title='bbox 177 1497 287 1537; x_wconf 84' lang='lat' dir='ltr'>huno</span> <span class='ocrx_word' id='word_1_173' title='bbox 314 1498 585 1537; x_wconf 77' lang='lat' dir='ltr'>occiderimus</span> <span class='ocrx_word' id='word_1_174' title='bbox 600 1500 644 1537; x_wconf 75' lang='lat'>?“</span> <span class='ocrx_word' id='word_1_175' title='bbox 696 1499 761 1537; x_wconf 91' lang='lat' dir='ltr'>Ad</span> <span class='ocrx_word' id='word_1_176' title='bbox 790 1498 865 1538; x_wconf 86' lang='lat' dir='ltr'>heo</span> <span class='ocrx_word' id='word_1_177' title='bbox 890 1499 1108 1550; x_wconf 87' lang='lat' dir='ltr'>respondit</span> <span class='ocrx_word' id='word_1_178' title='bbox 1134 1499 1377 1538; x_wconf 87' lang='lat' dir='ltr'>Candaulis:</span> <span class='ocrx_word' id='word_1_179' title='bbox 1432 1499 1525 1547; x_wconf 80' lang='lat' dir='ltr'>„Me</span> <span class='ocrx_word' id='word_1_180' title='bbox 1546 1507 1586 1534; x_wconf 90' lang='lat'>20</span> 
     </span>
     <span class='ocr_line' id='line_1_22' title="bbox 118 1563 1525 1612; baseline 0.001 -11"><span class='ocrx_word' id='word_1_181' title='bbox 118 1563 194 1602; x_wconf 87' lang='lat' dir='ltr'>iste</span> <span class='ocrx_word' id='word_1_182' title='bbox 225 1563 405 1602; x_wconf 84' lang='lat' dir='ltr'>salvavit</span> <span class='ocrx_word' id='word_1_183' title='bbox 433 1568 475 1602; x_wconf 90' lang='lat' dir='ltr'>et</span> <span class='ocrx_word' id='word_1_184' title='bbox 503 1576 676 1603; x_wconf 87' lang='lat' dir='ltr'>uxorem</span> <span class='ocrx_word' id='word_1_185' title='bbox 705 1577 843 1603; x_wconf 86' lang='lat' dir='ltr'>meam</span> <span class='ocrx_word' id='word_1_186' title='bbox 872 1563 972 1602; x_wconf 87' lang='lat' dir='ltr'>mihi</span> <span class='ocrx_word' id='word_1_187' title='bbox 1003 1564 1206 1612; x_wconf 73' lang='lat' dir='ltr'>reddidit:</span> <span class='ocrx_word' id='word_1_188' title='bbox 1237 1564 1401 1603; x_wconf 89' lang='lat' dir='ltr'>salvum</span> <span class='ocrx_word' id='word_1_189' title='bbox 1431 1576 1525 1602; x_wconf 90' lang='lat' dir='ltr'>eum</span> 
     </span>
     <span class='ocr_line' id='line_1_23' title="bbox 118 1627 1694 1680; baseline 0.001 -14"><span class='ocrx_word' id='word_1_190' title='bbox 118 1628 276 1666; x_wconf 83' lang='lat' dir='ltr'>adduxi</span> <span class='ocrx_word' id='word_1_191' title='bbox 316 1641 446 1679; x_wconf 90' lang='lat' dir='ltr'>usque</span> <span class='ocrx_word' id='word_1_192' title='bbox 488 1627 568 1667; x_wconf 83' lang='lat' dir='ltr'>huo</span> <span class='ocrx_word' id='word_1_193' title='bbox 611 1629 858 1680; x_wconf 83' lang='lat' dir='ltr'>salvumque</span> <span class='ocrx_word' id='word_1_194' title='bbox 900 1630 1075 1667; x_wconf 79' lang='lat' dir='ltr'>restituo</span> <span class='ocrx_word' id='word_1_195' title='bbox 1121 1642 1249 1680; x_wconf 89' lang='lat' dir='ltr'>usque</span> <span class='ocrx_word' id='word_1_196' title='bbox 1292 1629 1344 1668; x_wconf 91' lang='lat' dir='ltr'>ad</span> <span class='ocrx_word' id='word_1_197' title='bbox 1387 1629 1524 1668; x_wconf 83' lang='lat' dir='ltr'>locum</span> <span class='ocrx_word' id='word_1_198' title='bbox 1552 1638 1574 1663; x_wconf 78' lang='grc' dir='ltr'>Β</span> <span class='ocrx_word' id='word_1_199' title='bbox 1601 1637 1694 1664; x_wconf 70' lang='grc' dir='ltr'><strong>21ῦε</strong></span> 
     </span>
     <span class='ocr_line' id='line_1_24' title="bbox 119 1692 1526 1745; baseline 0.001 -15"><span class='ocrx_word' id='word_1_200' title='bbox 119 1693 282 1731; x_wconf 83' lang='grc'><strong>51111111.“</strong></span> <span class='ocrx_word' id='word_1_201' title='bbox 338 1692 412 1732; x_wconf 93' lang='lat' dir='ltr'>Cui</span> <span class='ocrx_word' id='word_1_202' title='bbox 440 1693 631 1732; x_wconf 87' lang='lat' dir='ltr'>Carator:</span> <span class='ocrx_word' id='word_1_203' title='bbox 688 1694 831 1745; x_wconf 85' lang='lat' dir='ltr'>„Quid</span> <span class='ocrx_word' id='word_1_204' title='bbox 861 1699 924 1733; x_wconf 87' lang='lat' dir='ltr'>est</span> <span class='ocrx_word' id='word_1_205' title='bbox 952 1693 1043 1741; x_wconf 77' lang='lat' dir='ltr'>hoc,</span> <span class='ocrx_word' id='word_1_206' title='bbox 1074 1694 1185 1745; x_wconf 90' lang='lat' dir='ltr'>quod</span> <span class='ocrx_word' id='word_1_207' title='bbox 1215 1694 1348 1733; x_wconf 80' lang='lat' dir='ltr'>diois?</span> <span class='ocrx_word' id='word_1_208' title='bbox 1402 1694 1526 1732; x_wconf 88' lang='lat' dir='ltr'>Modo</span> 
     </span>
     <span class='ocr_line' id='line_1_25' title="bbox 118 1757 1526 1809; baseline 0.001 -14"><span class='ocrx_word' id='word_1_209' title='bbox 118 1758 160 1796; x_wconf 93' lang='lat' dir='ltr'>in</span> <span class='ocrx_word' id='word_1_210' title='bbox 188 1758 267 1796; x_wconf 90' lang='lat' dir='ltr'>isto</span> <span class='ocrx_word' id='word_1_211' title='bbox 294 1757 383 1796; x_wconf 80' lang='lat' dir='ltr'>loeo</span> <span class='ocrx_word' id='word_1_212' title='bbox 410 1759 634 1797; x_wconf 84' lang='lat' dir='ltr'>moriemur</span> <span class='ocrx_word' id='word_1_213' title='bbox 662 1758 786 1797; x_wconf 90' lang='lat' dir='ltr'>ambo</span> <span class='ocrx_word' id='word_1_214' title='bbox 804 1760 847 1797; x_wconf 55' lang='lat' dir='ltr'>gu&lt;</span> <span class='ocrx_word' id='word_1_215' title='bbox 904 1759 958 1797; x_wconf 81' lang='lat' dir='ltr'>Et</span> <span class='ocrx_word' id='word_1_216' title='bbox 986 1759 1229 1797; x_wconf 81' lang='lat' dir='ltr'>Candaulis:</span> <span class='ocrx_word' id='word_1_217' title='bbox 1285 1759 1404 1809; x_wconf 82' lang='lat' dir='ltr'>„Ego</span> <span class='ocrx_word' id='word_1_218' title='bbox 1431 1758 1526 1797; x_wconf 91' lang='lat' dir='ltr'>nolo</span> 
     </span>
     <span class='ocr_line' id='line_1_26' title="bbox 118 1821 1587 1874; baseline 0.001 -15"><span class='ocrx_word' id='word_1_219' title='bbox 118 1821 215 1870; x_wconf 53' lang='lat' dir='ltr'>hoc:</span> <span class='ocrx_word' id='word_1_220' title='bbox 245 1822 355 1873; x_wconf 89' lang='lat' dir='ltr'>quod</span> <span class='ocrx_word' id='word_1_221' title='bbox 384 1823 416 1861; x_wconf 88' lang='lat' dir='ltr'>si</span> <span class='ocrx_word' id='word_1_222' title='bbox 444 1828 489 1861; x_wconf 89' lang='lat' dir='ltr'>tu</span> <span class='ocrx_word' id='word_1_223' title='bbox 518 1824 593 1872; x_wconf 87' lang='lat' dir='ltr'>vis,</span> <span class='ocrx_word' id='word_1_224' title='bbox 623 1829 796 1874; x_wconf 86' lang='lat' dir='ltr'>paratus</span> <span class='ocrx_word' id='word_1_225' title='bbox 824 1824 957 1862; x_wconf 72' lang='lat' dir='ltr'>sum.“</span> <span class='ocrx_word' id='word_1_226' title='bbox 1548 1833 1587 1861; x_wconf 85' lang='lat'>25</span> 
     </span>
     <span class='ocr_line' id='line_1_27' title="bbox 225 1887 1648 1939; baseline -0.001 -14"><span class='ocrx_word' id='word_1_227' title='bbox 225 1887 380 1925; x_wconf 87' lang='lat' dir='ltr'>Videns</span> <span class='ocrx_word' id='word_1_228' title='bbox 411 1892 553 1926; x_wconf 75' lang='lat' dir='ltr'>autem</span> <span class='ocrx_word' id='word_1_229' title='bbox 583 1888 800 1935; x_wconf 74' lang='lat' dir='ltr'>CandaeiS,</span> <span class='ocrx_word' id='word_1_230' title='bbox 843 1889 940 1939; x_wconf 85' lang='lat' dir='ltr'>quia</span> <span class='ocrx_word' id='word_1_231' title='bbox 963 1889 1162 1927; x_wconf 81' lang='lat' dir='ltr'>volebant</span> <span class='ocrx_word' id='word_1_232' title='bbox 1184 1901 1224 1927; x_wconf 91' lang='lat' dir='ltr'>se</span> <span class='ocrx_word' id='word_1_233' title='bbox 1247 1888 1431 1927; x_wconf 77' lang='lat' dir='ltr'>occidere</span> <span class='ocrx_word' id='word_1_234' title='bbox 1454 1888 1526 1927; x_wconf 88' lang='lat' dir='ltr'>filii</span> <span class='ocrx_word' id='word_1_235' title='bbox 1552 1897 1608 1925; x_wconf 89' lang='lat'>120</span> <span class='ocrx_word' id='word_1_236' title='bbox 1627 1898 1648 1923; x_wconf 79' lang='lat' dir='ltr'>L</span> 
     </span>
     <span class='ocr_line' id='line_1_28' title="bbox 121 1952 1528 2005; baseline 0.001 -15"><span class='ocrx_word' id='word_1_237' title='bbox 121 1952 195 1999; x_wconf 90' lang='lat' dir='ltr'>sui,</span> <span class='ocrx_word' id='word_1_238' title='bbox 232 1953 473 2002; x_wconf 83' lang='lat' dir='ltr'>angustiata</span> <span class='ocrx_word' id='word_1_239' title='bbox 508 1958 583 1991; x_wconf 78' lang='lat' dir='ltr'>est.</span> <span class='ocrx_word' id='word_1_240' title='bbox 652 1953 942 2005; x_wconf 66' lang='lat' dir='ltr'>Apprehendit</span> <span class='ocrx_word' id='word_1_241' title='bbox 978 1966 1042 1992; x_wconf 87' lang='lat' dir='ltr'>me</span> <span class='ocrx_word' id='word_1_242' title='bbox 1078 1958 1335 2004; x_wconf 86' lang='lat' dir='ltr'>portansque</span> <span class='ocrx_word' id='word_1_243' title='bbox 1371 1958 1528 1992; x_wconf 81' lang='lat' dir='ltr'>secreto</span> 
     </span>
     <span class='ocr_line' id='line_1_29' title="bbox 121 2016 1527 2069; baseline 0.001 -15"><span class='ocrx_word' id='word_1_244' title='bbox 121 2016 245 2055; x_wconf 86' lang='lat' dir='ltr'>dixit:</span> <span class='ocrx_word' id='word_1_245' title='bbox 287 2017 563 2066; x_wconf 82' lang='lat' dir='ltr'>„Alexander,</span> <span class='ocrx_word' id='word_1_246' title='bbox 586 2031 668 2057; x_wconf 87' lang='lat' dir='ltr'>non</span> <span class='ocrx_word' id='word_1_247' title='bbox 690 2018 876 2057; x_wconf 73' lang='lat' dir='ltr'>ostendis</span> <span class='ocrx_word' id='word_1_248' title='bbox 898 2018 937 2057; x_wconf 90' lang='lat' dir='ltr'>in</span> <span class='ocrx_word' id='word_1_249' title='bbox 959 2017 1036 2056; x_wconf 78' lang='lat' dir='ltr'>hoo</span> <span class='ocrx_word' id='word_1_250' title='bbox 1058 2018 1243 2069; x_wconf 88' lang='lat' dir='ltr'>aliquam</span> <span class='ocrx_word' id='word_1_251' title='bbox 1263 2018 1527 2069; x_wconf 83' lang='lat' dir='ltr'>sapientiam,</span> 
     </span>
     <span class='ocr_line' id='line_1_30' title="bbox 121 2082 1528 2133; baseline 0.001 -14"><span class='ocrx_word' id='word_1_252' title='bbox 121 2086 168 2120; x_wconf 91' lang='lat' dir='ltr'>ut</span> <span class='ocrx_word' id='word_1_253' title='bbox 191 2093 274 2119; x_wconf 92' lang='lat' dir='ltr'>non</span> <span class='ocrx_word' id='word_1_254' title='bbox 300 2082 543 2121; x_wconf 79' lang='lat' dir='ltr'>occidantur</span> <span class='ocrx_word' id='word_1_255' title='bbox 568 2096 642 2133; x_wconf 90' lang='lat' dir='ltr'>pro</span> <span class='ocrx_word' id='word_1_256' title='bbox 668 2088 709 2121; x_wconf 89' lang='lat' dir='ltr'>te</span> <span class='ocrx_word' id='word_1_257' title='bbox 735 2083 808 2122; x_wconf 87' lang='lat' dir='ltr'>filii</span> <span class='ocrx_word' id='word_1_258' title='bbox 834 2083 913 2121; x_wconf 88' lang='lat' dir='ltr'>mei</span> <span class='ocrx_word' id='word_1_259' title='bbox 930 2083 974 2121; x_wconf 74' lang='lat'>?“</span> <span class='ocrx_word' id='word_1_260' title='bbox 1023 2083 1097 2121; x_wconf 91' lang='lat' dir='ltr'>Cui</span> <span class='ocrx_word' id='word_1_261' title='bbox 1122 2083 1378 2122; x_wconf 84' lang='lat' dir='ltr'>Alexander:</span> <span class='ocrx_word' id='word_1_262' title='bbox 1428 2083 1528 2132; x_wconf 81' lang='lat' dir='ltr'>„Di-</span> 
     </span>
     <span class='ocr_line' id='line_1_31' title="bbox 122 2146 1588 2199; baseline 0.001 -16"><span class='ocrx_word' id='word_1_263' title='bbox 122 2146 242 2184; x_wconf 87' lang='lat' dir='ltr'>mitte</span> <span class='ocrx_word' id='word_1_264' title='bbox 264 2158 330 2184; x_wconf 88' lang='lat' dir='ltr'>me</span> <span class='ocrx_word' id='word_1_265' title='bbox 352 2146 407 2185; x_wconf 90' lang='lat' dir='ltr'>ire</span> <span class='ocrx_word' id='word_1_266' title='bbox 430 2147 543 2198; x_wconf 86' lang='lat' dir='ltr'>loqui</span> <span class='ocrx_word' id='word_1_267' title='bbox 566 2160 660 2186; x_wconf 83' lang='lat' dir='ltr'>cum</span> <span class='ocrx_word' id='word_1_268' title='bbox 683 2148 781 2186; x_wconf 84' lang='lat' dir='ltr'>eis.“</span> <span class='ocrx_word' id='word_1_269' title='bbox 824 2148 881 2186; x_wconf 91' lang='lat' dir='ltr'>At</span> <span class='ocrx_word' id='word_1_270' title='bbox 904 2148 972 2186; x_wconf 92' lang='lat' dir='ltr'>illa</span> <span class='ocrx_word' id='word_1_271' title='bbox 995 2148 1154 2186; x_wconf 90' lang='lat' dir='ltr'>dimisit</span> <span class='ocrx_word' id='word_1_272' title='bbox 1175 2161 1284 2187; x_wconf 91' lang='lat' dir='ltr'>eum.</span> <span class='ocrx_word' id='word_1_273' title='bbox 1326 2147 1527 2199; x_wconf 89' lang='lat' dir='ltr'>Abiitque</span> <span class='ocrx_word' id='word_1_274' title='bbox 1548 2158 1588 2184; x_wconf 80' lang='grc'>30</span> 
     </span>
     <span class='ocr_line' id='line_1_32' title="bbox 122 2210 1529 2261; baseline 0.001 -12"><span class='ocrx_word' id='word_1_275' title='bbox 122 2215 163 2249; x_wconf 87' lang='lat' dir='ltr'>et</span> <span class='ocrx_word' id='word_1_276' title='bbox 189 2210 313 2249; x_wconf 84' lang='lat' dir='ltr'>dixit:</span> <span class='ocrx_word' id='word_1_277' title='bbox 365 2211 578 2261; x_wconf 89' lang='lat' dir='ltr'>„Carator,</span> <span class='ocrx_word' id='word_1_278' title='bbox 607 2213 639 2251; x_wconf 94' lang='lat' dir='ltr'>si</span> <span class='ocrx_word' id='word_1_279' title='bbox 664 2225 729 2251; x_wconf 91' lang='lat' dir='ltr'>me</span> <span class='ocrx_word' id='word_1_280' title='bbox 756 2213 909 2251; x_wconf 75' lang='lat' dir='ltr'>occidis</span> <span class='ocrx_word' id='word_1_281' title='bbox 934 2212 1013 2261; x_wconf 84' lang='lat' dir='ltr'>hie,</span> <span class='ocrx_word' id='word_1_282' title='bbox 1040 2212 1170 2251; x_wconf 90' lang='lat' dir='ltr'>habet</span> <span class='ocrx_word' id='word_1_283' title='bbox 1195 2212 1432 2251; x_wconf 87' lang='lat' dir='ltr'>Alexander</span> <span class='ocrx_word' id='word_1_284' title='bbox 1457 2225 1529 2251; x_wconf 81' lang='lat' dir='ltr'>rex</span> 
     </span>
     <span class='ocr_line' id='line_1_33' title="bbox 120 2275 1530 2325; baseline 0.002 -12"><span class='ocrx_word' id='word_1_285' title='bbox 120 2275 276 2314; x_wconf 88' lang='lat' dir='ltr'>multos</span> <span class='ocrx_word' id='word_1_286' title='bbox 298 2276 443 2314; x_wconf 89' lang='lat' dir='ltr'>missos</span> <span class='ocrx_word' id='word_1_287' title='bbox 466 2277 653 2316; x_wconf 88' lang='lat' dir='ltr'>meliores</span> <span class='ocrx_word' id='word_1_288' title='bbox 676 2278 824 2316; x_wconf 82' lang='lat' dir='ltr'>mei.**</span> <span class='ocrx_word' id='word_1_289' title='bbox 877 2277 917 2316; x_wconf 87' lang='lat' dir='ltr'>Si</span> <span class='ocrx_word' id='word_1_290' title='bbox 951 2278 1092 2325; x_wconf 76' lang='lat' dir='ltr'>vultis,</span> <span class='ocrx_word' id='word_1_291' title='bbox 1130 2282 1176 2316; x_wconf 86' lang='lat' dir='ltr'>ut</span> <span class='ocrx_word' id='word_1_292' title='bbox 1210 2277 1377 2316; x_wconf 89' lang='lat' dir='ltr'>tradam</span> <span class='ocrx_word' id='word_1_293' title='bbox 1410 2277 1530 2316; x_wconf 87' lang='lat' dir='ltr'>vobis</span> 
     </span>
    </p>
   </div>
   <div class='ocr_carea' id='block_1_3' title="bbox 198 2350 329 2352">
    <p class='ocr_par' dir='ltr' id='par_1_3' title="bbox 198 2350 329 2352">
     <span class='ocr_line' id='line_1_34' title="bbox 198 2350 329 2352; baseline 0 0"><span class='ocrx_word' id='word_1_294' title='bbox 198 2350 329 2352; x_wconf 95' lang='lat' dir='ltr'> </span> 
     </span>
    </p>
   </div>
   <div class='ocr_carea' id='block_1_4' title="bbox 122 2370 1529 2601">
    <p class='ocr_par' dir='ltr' id='par_1_4' title="bbox 122 2370 1529 2601">
     <span class='ocr_line' id='line_1_35' title="bbox 220 2370 1529 2416; baseline 0.002 -12"><span class='ocrx_word' id='word_1_295' title='bbox 220 2371 278 2405; x_wconf 85' lang='lat'>23.</span> <span class='ocrx_word' id='word_1_296' title='bbox 306 2370 362 2411; x_wconf 83' lang='lat' dir='ltr'>[Zi</span> <span class='ocrx_word' id='word_1_297' title='bbox 379 2372 462 2412; x_wconf 77' lang='lat'>247,</span> <span class='ocrx_word' id='word_1_298' title='bbox 480 2373 661 2413; x_wconf 81' lang='lat'>17—249,</span> <span class='ocrx_word' id='word_1_299' title='bbox 678 2373 715 2414; x_wconf 82' lang='lat'>5]</span> <span class='ocrx_word' id='word_1_300' title='bbox 743 2373 785 2405; x_wconf 84' lang='lat'>12</span> <span class='ocrx_word' id='word_1_301' title='bbox 810 2372 1014 2416; x_wconf 80' lang='lat' dir='ltr'>Marpissa:</span> <span class='ocrx_word' id='word_1_302' title='bbox 1038 2372 1221 2416; x_wconf 77' lang='grc' dir='ltr'><em>Ματέρσα</em></span> <span class='ocrx_word' id='word_1_303' title='bbox 1244 2372 1292 2412; x_wconf 77' lang='lat' dir='ltr'>A:</span> <span class='ocrx_word' id='word_1_304' title='bbox 1315 2372 1529 2416; x_wconf 67' lang='lat' dir='ltr'>“AQnovoa</span> 
     </span>
     <span class='ocr_line' id='line_1_36' title="bbox 122 2416 1528 2462; baseline 0.002 -13"><span class='ocrx_word' id='word_1_305' title='bbox 122 2416 171 2458; x_wconf 87' lang='lat' dir='ltr'>B;</span> <span class='ocrx_word' id='word_1_306' title='bbox 200 2417 341 2460; x_wconf 76' lang='lat' dir='ltr'>Margie</span> <span class='ocrx_word' id='word_1_307' title='bbox 368 2417 443 2458; x_wconf 62' lang='lat' dir='ltr'>Va:</span> <span class='ocrx_word' id='word_1_308' title='bbox 474 2417 514 2452; x_wconf 78' lang='lat' dir='ltr'>‚Jl</span> <span class='ocrx_word' id='word_1_309' title='bbox 539 2418 622 2453; x_wconf 78' lang='lat' dir='ltr'>lasst</span> <span class='ocrx_word' id='word_1_310' title='bbox 649 2419 720 2453; x_wconf 84' lang='lat' dir='ltr'>den</span> <span class='ocrx_word' id='word_1_311' title='bbox 750 2419 898 2453; x_wconf 82' lang='lat' dir='ltr'>Namen</span> <span class='ocrx_word' id='word_1_312' title='bbox 927 2418 1007 2453; x_wconf 90' lang='lat' dir='ltr'>hier</span> <span class='ocrx_word' id='word_1_313' title='bbox 1032 2429 1125 2462; x_wconf 71' lang='lat' dir='ltr'>weg,</span> <span class='ocrx_word' id='word_1_314' title='bbox 1153 2419 1327 2453; x_wconf 77' lang='lat' dir='ltr'>erw‘ahnt</span> <span class='ocrx_word' id='word_1_315' title='bbox 1355 2419 1446 2453; x_wconf 85' lang='lat' dir='ltr'>aber</span> <span class='ocrx_word' id='word_1_316' title='bbox 1473 2418 1528 2461; x_wconf 89' lang='lat' dir='ltr'>(Zi</span> 
     </span>
     <span class='ocr_line' id='line_1_37' title="bbox 122 2464 1527 2509; baseline 0.001 -11"><span class='ocrx_word' id='word_1_317' title='bbox 122 2467 205 2505; x_wconf 67' lang='lat'>211,</span> <span class='ocrx_word' id='word_1_318' title='bbox 229 2464 288 2507; x_wconf 85' lang='lat'>17)</span> <span class='ocrx_word' id='word_1_319' title='bbox 312 2464 421 2498; x_wconf 85' lang='lat' dir='ltr'>einen</span> <span class='ocrx_word' id='word_1_320' title='bbox 443 2465 659 2509; x_wconf 84' lang='lat' dir='ltr'>Marsippus</span> <span class='ocrx_word' id='word_1_321' title='bbox 680 2466 735 2500; x_wconf 84' lang='lat' dir='ltr'>als</span> <span class='ocrx_word' id='word_1_322' title='bbox 759 2466 863 2499; x_wconf 79' lang='lat' dir='ltr'>Sohn</span> <span class='ocrx_word' id='word_1_323' title='bbox 885 2466 952 2499; x_wconf 87' lang='lat' dir='ltr'>der</span> <span class='ocrx_word' id='word_1_324' title='bbox 977 2466 1176 2500; x_wconf 72' lang='lat' dir='ltr'>Kandake.</span> <span class='ocrx_word' id='word_1_325' title='bbox 1214 2487 1250 2489; x_wconf 97' lang='lat'><strong>—</strong></span> <span class='ocrx_word' id='word_1_326' title='bbox 1283 2468 1327 2500; x_wconf 79' lang='lat'>14</span> <span class='ocrx_word' id='word_1_327' title='bbox 1351 2466 1527 2501; x_wconf 83' lang='lat' dir='ltr'>Carator:</span> 
     </span>
     <span class='ocr_line' id='line_1_38' title="bbox 124 2511 1529 2557; baseline 0.001 -13"><span class='ocrx_word' id='word_1_328' title='bbox 124 2512 199 2545; x_wconf 87' lang='lat' dir='ltr'>Der</span> <span class='ocrx_word' id='word_1_329' title='bbox 233 2511 357 2545; x_wconf 74' lang='lat' dir='ltr'>Name</span> <span class='ocrx_word' id='word_1_330' title='bbox 395 2511 491 2545; x_wconf 84' lang='lat' dir='ltr'>fehlt</span> <span class='ocrx_word' id='word_1_331' title='bbox 526 2511 607 2546; x_wconf 86' lang='lat' dir='ltr'>hier</span> <span class='ocrx_word' id='word_1_332' title='bbox 641 2513 678 2546; x_wconf 91' lang='lat' dir='ltr'>in</span> <span class='ocrx_word' id='word_1_333' title='bbox 715 2512 984 2557; x_wconf 79' lang='lat' dir='ltr'>ABCLBy3</span> <span class='ocrx_word' id='word_1_334' title='bbox 1027 2513 1191 2547; x_wconf 80' lang='lat' dir='ltr'>Kerator</span> <span class='ocrx_word' id='word_1_335' title='bbox 1229 2513 1298 2557; x_wconf 85' lang='lat' dir='ltr'>Sy;</span> <span class='ocrx_word' id='word_1_336' title='bbox 1337 2513 1529 2556; x_wconf 86' lang='lat' dir='ltr'>Charagos</span> 
     </span>
     <span class='ocr_line' id='line_1_39' title="bbox 122 2557 1528 2601; baseline -0.001 -8"><span class='ocrx_word' id='word_1_337' title='bbox 122 2558 200 2593; x_wconf 89' lang='lat' dir='ltr'>und</span> <span class='ocrx_word' id='word_1_338' title='bbox 224 2557 415 2601; x_wconf 80' lang='lat' dir='ltr'>Charogos</span> <span class='ocrx_word' id='word_1_339' title='bbox 436 2558 506 2592; x_wconf 77' lang='lat' dir='ltr'>Va.</span> <span class='ocrx_word' id='word_1_340' title='bbox 543 2579 578 2582; x_wconf 35' lang='grc' dir='ltr'>ἡ</span> <span class='ocrx_word' id='word_1_341' title='bbox 611 2561 653 2593; x_wconf 85' lang='grc'>15</span> <span class='ocrx_word' id='word_1_342' title='bbox 678 2559 808 2594; x_wconf 85' lang='lat' dir='ltr'>fratris</span> <span class='ocrx_word' id='word_1_343' title='bbox 829 2560 867 2594; x_wconf 87' lang='grc'>111</span> <span class='ocrx_word' id='word_1_344' title='bbox 892 2561 1027 2594; x_wconf 77' lang='lat' dir='ltr'>Rasur.</span> <span class='ocrx_word' id='word_1_345' title='bbox 1066 2581 1100 2583; x_wconf 97' lang='lat'><strong>—</strong></span> <span class='ocrx_word' id='word_1_346' title='bbox 1132 2562 1177 2594; x_wconf 88' lang='grc'>16</span> <span class='ocrx_word' id='word_1_347' title='bbox 1201 2562 1259 2594; x_wconf 82' lang='lat' dir='ltr'>set</span> <span class='ocrx_word' id='word_1_348' title='bbox 1281 2560 1319 2593; x_wconf 92' lang='lat' dir='ltr'>in</span> <span class='ocrx_word' id='word_1_349' title='bbox 1341 2560 1406 2594; x_wconf 87' lang='lat' dir='ltr'>sed</span> <span class='ocrx_word' id='word_1_350' title='bbox 1428 2559 1528 2593; x_wconf 88' lang='lat' dir='ltr'>korr.</span> 
     </span>
    </p>
   </div>
   <div class='ocr_carea' id='block_1_5' title="bbox 122 2607 1528 2680">
    <p class='ocr_par' dir='ltr' id='par_1_5' title="bbox 122 2607 1528 2680">
     <span class='ocr_line' id='line_1_40' title="bbox 122 2607 1528 2680; baseline 0 -11"><span class='ocrx_word' id='word_1_351' title='bbox 122 2635 190 2669; x_wconf 85' lang='lat' dir='ltr'>Ba.</span> <span class='ocrx_word' id='word_1_352' title='bbox 228 2655 263 2658; x_wconf 38' lang='grc' dir='ltr'><strong><em>Α</em></strong></span> <span class='ocrx_word' id='word_1_353' title='bbox 297 2636 340 2668; x_wconf 87' lang='grc'>20</span> <span class='ocrx_word' id='word_1_354' title='bbox 372 2607 476 2669; x_wconf 60' lang='grc' dir='ltr'>Αᾶὲο</span> <span class='ocrx_word' id='word_1_355' title='bbox 507 2634 574 2669; x_wconf 76' lang='lat' dir='ltr'>Ba.</span> <span class='ocrx_word' id='word_1_356' title='bbox 612 2655 647 2659; x_wconf 73' lang='lat'>—</span> <span class='ocrx_word' id='word_1_357' title='bbox 680 2637 723 2670; x_wconf 87' lang='grc'>32</span> <span class='ocrx_word' id='word_1_358' title='bbox 756 2635 863 2670; x_wconf 74' lang='lat' dir='ltr'>Nacli</span> <span class='ocrx_word' id='word_1_359' title='bbox 898 2636 1070 2670; x_wconf 85' lang='lat' dir='ltr'>meliores</span> <span class='ocrx_word' id='word_1_360' title='bbox 1101 2636 1173 2670; x_wconf 89' lang='lat' dir='ltr'>mei</span> <span class='ocrx_word' id='word_1_361' title='bbox 1206 2636 1292 2680; x_wconf 68' lang='lat' dir='ltr'>fugt</span> <span class='ocrx_word' id='word_1_362' title='bbox 1326 2635 1365 2670; x_wconf 84' lang='lat' dir='ltr'>J¹</span> <span class='ocrx_word' id='word_1_363' title='bbox 1395 2635 1528 2669; x_wconf 87' lang='lat' dir='ltr'>hinzu:</span> 
     </span>
    </p>
   </div>
  </div>
 </body>
</html>
