1778 2875
804 147 1059 179 —100—

227 272 348 310 super
396 257 630 309 sepulcrum
679 257 806 305 Darii,
854 261 902 295 ut
948 257 1088 307 capita
1135 269 1277 295 eorum
1324 261 1633 296 truncarentur.

226 323 512 362 Vociferantes
550 326 692 361 autem
729 322 807 373 ipsi
844 334 892 361 ac
929 322 1131 360 dicentes:
1194 321 1486 370 „Dominator,
1524 321 1633 371 vide,

227 388 325 439 quia
367 389 453 426 iure
496 386 672 426 iurando
715 386 862 425 iurasti
903 385 1023 425 nobis
1065 399 1136 437 per
1180 386 1494 437 potentissimos
1537 385 1635 426 deos

227 457 269 491 et
285 465 356 504 per
374 452 651 491 salvationem
668 451 814 491 matris
831 451 971 490 tuae.“
1011 451 1172 503 Quibus
1188 450 1444 490 Alexander:
1479 450 1636 500 „Vobis

187 533 205 559 5
227 530 311 556 non
331 517 491 568 loquor,
514 516 583 556 sed
603 529 678 568 pro
698 516 866 568 populo,
889 516 959 567 qui
980 516 1236 564 circumstat,
1259 516 1350 555 dico
1370 515 1466 555 hoc:
1504 515 1636 554 Mani-

230 582 398 621 festatio
425 586 567 621 vestra
593 581 835 620 nullomodo
864 581 1014 629 suerat,
1044 581 1076 619 si
1104 581 1187 619 tale
1216 585 1525 619 sacramentum
1552 593 1636 619 non

230 647 429 686 fecissem.
491 646 676 685 Intentio
706 659 799 685 mea
830 646 925 685 talis
957 646 1036 684 fuit
1066 645 1118 684 ab
1149 646 1284 694 inicio,
1316 650 1377 694 ut,
1411 645 1443 684 si
1472 645 1637 684 inventi

230 712 405 751 fuissent
432 711 664 750 homicidae
693 711 813 759 illius⁷
844 711 1142 749 occiderentur.
1200 710 1263 748 Illi
1291 710 1414 758 enim,
1445 710 1516 761 qui
1544 722 1636 761 pro-

229 777 389 815 ximum
418 789 540 815 suum
569 776 786 815 dominum
815 776 1024 823 occidunt,
1055 780 1254 815 extraneo
1284 775 1384 825 quid
1414 774 1575 814 faciunt
1590 774 1634 813 ?“

171 851 207 878 ιο
232 842 279 880 In
318 841 396 880 hoc
435 846 578 880 autem
616 841 861 879 vociferatio
900 853 1052 891 magna
1092 840 1205 879 facta
1245 845 1307 878 est
1345 840 1452 878 inter
1492 839 1637 879 Persas

228 906 450 946 laudantes
478 919 573 945 eum
602 906 721 957 quasi
749 906 887 944 deum.
944 905 1186 944 Homicidas
1215 909 1358 944 autem
1385 904 1475 943 illos
1503 904 1636 943 decol-

229 971 304 1010 lari
334 972 531 1023 precepit.

336 1048 399 1087 22.
432 1049 584 1087 Totam
615 1052 758 1086 autem
790 1047 1049 1098 provinciam
1082 1046 1294 1085 Persidam
1325 1046 1366 1084 in
1398 1058 1498 1097 pace
1530 1045 1637 1084 ordi-

229 1113 349 1152 navit
381 1118 423 1152 et
457 1113 676 1152 constituit
707 1117 887 1151 rectores
920 1112 961 1150 in
994 1111 1187 1150 omnibus
1219 1111 1456 1162 provinciis.
1519 1110 1637 1149 Tunc

176 1189 211 1215 15
234 1178 302 1218 illo
331 1179 372 1217 in
402 1183 589 1229 tempore
619 1182 708 1216 erat
736 1177 793 1216 ibi
824 1177 975 1225 Duriti,
1006 1176 1238 1216 avunculus
1269 1175 1403 1224 Darii3
1433 1188 1504 1226 per
1533 1175 1639 1226 peti-

232 1244 388 1282 tionem
426 1243 560 1282 tocius
597 1242 740 1294 populi
777 1242 996 1281 Persarum
1034 1241 1244 1280 ordinavit
1280 1253 1375 1279 eum
1412 1240 1560 1279 ducem
1596 1240 1638 1278 in

232 1308 412 1347 Persida.
468 1307 706 1347 Secundum
734 1307 1072 1358 praeceptionem
1102 1306 1215 1345 Darii
1240 1306 1345 1356 regis
1373 1305 1472 1344 fecit
1497 1305 1638 1344 venire

61 1384 85 1410 B
111 1383 173 1410 210
192 1391 207 1410 c
237 1374 415 1422 Roxani,
434 1373 563 1412 filiam
581 1373 679 1421 eius,
707 1373 912 1423 accipiens
938 1384 1030 1410 eam
1055 1371 1096 1410 in
1122 1383 1294 1410 uxorem
1321 1375 1363 1409 et
1388 1383 1472 1409 una
1498 1382 1638 1409 secum

104 1448 157 1476 101
182 1449 205 1474 L
232 1439 329 1478 fecit
352 1451 444 1477 eam
467 1438 606 1477 sedere
629 1438 670 1476 in
692 1437 819 1488 regali
841 1436 1006 1484 throno,
1030 1441 1078 1475 ut
1101 1436 1345 1475 adoraretur
1368 1434 1420 1474 ab
1445 1434 1638 1473 omnibus

168 1519 208 1546 20
232 1504 338 1542 sicut
366 1503 520 1554 regina.
577 1503 694 1541 Tunc
724 1515 866 1541 omnes
897 1502 1038 1540 Perses
1067 1501 1314 1540 levaverunt
1343 1500 1442 1539 deos
1472 1512 1567 1538 suos
1597 1503 1638 1538 et

230 1568 498 1608 adduxerunt
529 1580 598 1606 eos
629 1572 726 1606 ante
757 1567 1044 1606 Alexandrum
1075 1565 1285 1605 laudando
1318 1569 1360 1604 et
1391 1564 1638 1604 celebrando

230 1646 383 1672 nomen
405 1633 512 1672 illius
534 1633 730 1681 dicenteS,
747 1633 863 1683 quia:
889 1644 1028 1681 „nunc
1051 1631 1196 1679 fecisti,
1213 1629 1324 1681 quod
1348 1629 1637 1681 diisplacuit“.

237 1698 397 1750 Quibus
433 1698 689 1736 Alexander:
762 1697 910 1746 ‚,Nolo,
949 1701 996 1735 ut
1032 1695 1265 1735 exhibeatis
1301 1694 1401 1733 mihi
1437 1693 1638 1733 honorem

230 1764 337 1802 sicut
369 1763 458 1811 diis⁷
492 1763 589 1814 quia
620 1761 899 1813 corruptibilis
931 1766 973 1800 et
1002 1760 1190 1800 mortalis
1223 1772 1295 1810 ego
1332 1772 1436 1798 sum.
1480 1758 1638 1798 Dubito

171 1839 209 1866 25
234 1829 343 1868 enim
374 1828 528 1867 sociare
558 1840 623 1866 me
655 1827 773 1866 diis.“
837 1826 1010 1878 Scripsit
1040 1826 1164 1864 matri
1195 1838 1292 1864 suae
1323 1823 1558 1875 epistolam,
1590 1828 1639 1862 ut

231 1893 383 1933 coleret
415 1893 586 1944 nuptias
620 1905 715 1931 suas
748 1892 790 1930 in
816 1891 1060 1931 Macedonia
1093 1890 1143 1929 de
1180 1890 1357 1938 Roxani,
1394 1889 1480 1928 filia
1510 1888 1636 1937 Darii,

232 1971 359 2010 quam
382 1962 601 2009 acceperat
623 1970 809 1996 uxorem.
854 1956 1080 2007 Completis
1103 1967 1200 1994 vero
1225 1954 1371 1993 diebus
1393 1954 1639 2005 nuptiarum

233 2023 502 2074 congregavit
534 2023 687 2061 iterum
720 2022 872 2060 milites
906 2033 1013 2060 suos,

331 2203 348 2234 1
380 2202 668 2235 truncarentur:
698 2209 726 2233 s.
758 2198 855 2233 Einl.
887 2200 944 2232 22.

330 2266 388 2300 22.
412 2265 469 2308 [Zi
493 2267 577 2307 198,
600 2266 782 2306 11-199,
806 2264 868 2305 10]
893 2265 1036 2297 13—17
1064 2261 1219 2296 Totam.
1238 2288 1244 2294 .
1263 2260 1453 2296 Persida:
1480 2259 1575 2294 fehlt
1599 2259 1637 2293 in

229 2313 288 2347 Va
303 2313 367 2357 Sy.
397 2333 433 2336 —
459 2313 502 2346 15
526 2311 670 2346 Duriti:
694 2310 936 2355 Ἀδουλήτης
956 2310 1006 2351 Α;
1029 2308 1261 2352 Ἀδουλίτης
1283 2308 1326 2349 C;
1350 2307 1471 2351 Λίτης
1492 2307 1568 2341 BL.
1598 2327 1633 2330 —

231 2362 273 2395 27
304 2370 394 2394 vero
423 2359 501 2394 und
529 2359 669 2393 iterum
698 2358 765 2393 auf
791 2358 929 2392 Rasur.
965 2377 1001 2381 —
1036 2370 1066 2391 ω
1093 2355 1244 2390 enthalt
1270 2355 1352 2389 hier
1378 2355 1488 2389 einen
1517 2353 1637 2388 Brief-

229 2406 390 2442 wechsel
413 2406 599 2441 zwischen
621 2405 840 2440 Alexander
861 2404 939 2439 und
963 2404 1029 2438 des
1052 2403 1191 2437 Darius
1214 2403 1360 2436 Mutter
1382 2401 1460 2436 und
1487 2401 1636 2435 Gattin.

330 2479 342 2519 [
362 2477 406 2511 In
422 2477 477 2511 Ba
495 2476 586 2520 geht
601 2476 682 2510 hier
699 2475 758 2510 die
776 2474 996 2518 Erzahlung
1011 2473 1109 2508 ohne
1125 2472 1335 2508 Abschnitt
1351 2472 1445 2506 oder
1460 2470 1637 2506 Bezeich-

232 2534 337 2568 nung
359 2524 460 2558 eines
484 2534 606 2558 neuen
631 2522 928 2566 Buchanfanges
949 2521 1090 2555 weiter.
1142 2541 1177 2544 ——
1228 2520 1271 2554 In
1296 2519 1362 2554 der
1384 2518 1636 2553 Mullerschen

230 2571 410 2615 Ausgabe
434 2571 500 2605 des
523 2570 707 2605 Ps.-Kall.
731 2570 837 2604 steht
859 2569 914 2604 als
939 2570 971 2603 ΙΙ
995 2568 1141 2602 23—44
1163 2567 1223 2601 ein
1245 2566 1381 2611 grosses
1403 2565 1638 2608 unformiges

235 2618 525 2662 Konglomerat,
553 2618 621 2651 das
647 2618 685 2651 in
713 2617 786 2651 den
813 2615 1108 2651 verschiedenen
1134 2614 1344 2649 Versionen
1372 2613 1438 2647 des
1464 2613 1638 2647 Romans
