1778 2875
128 455 159 480 71
193 456 214 481 L

827 140 1057 172 -73—

122 260 213 285 Ἥρω
245 248 399 286 virtute
428 252 560 296 erant,
591 248 674 298 qui‚
703 261 753 286 ex
782 261 863 299 quo
892 253 1029 287 erecta
1057 254 1119 287 est
1146 249 1236 299 ipsa
1264 249 1426 297 civitas,
1456 262 1522 288 ars
1549 262 1651 301 pug-

239 312 367 350 nandi
393 317 482 351 erat
508 313 549 350 in
576 312 664 351 eis?
719 313 828 363 Quid
854 313 1006 352 iterum
1034 313 1194 352 factum
1219 318 1282 352 est
1308 327 1358 352 ex
1384 313 1494 353 illis?
1544 314 1651 353 Poli-

239 377 457 427 ponienses
512 376 746 427 (Corinthii)
803 383 1010 429 quantum
1063 383 1359 429 pugnaverunt
1412 391 1506 417 cum
1557 379 1651 419 AJe-

242 442 434 480 xandro?
469 442 592 480 Scitis
611 442 777 490 iterum,
800 443 899 494 quid
920 443 1080 481 factum
1101 448 1164 481 est
1185 456 1234 481 ex
1255 443 1346 481 illis.
1386 443 1466 482 Pro
1489 443 1651 483 Strasa-

197 521 214 546 5
240 519 339 556 gora
378 507 473 546 irati
512 507 622 555 estis,
664 520 787 558 quem
826 508 944 547 eiecit
984 508 1033 546 de
1073 508 1310 558 principatu
1350 509 1455 547 suo?
1519 508 1651 560 Culpa

240 571 348 610 illius
379 572 500 610 fuit.“

348 649 384 686 4.
414 648 496 688 Ubi
522 647 598 687 hoc
627 649 844 687 consilium
871 649 987 688 dedit
1016 650 1311 698 Demostenen‚
1341 650 1482 688 cuncti
1507 650 1652 689 lauda-

241 718 394 752 verunt
420 726 516 752 eum
543 718 585 752 et
610 713 725 764 loqui
752 719 978 765 coeperunt
1005 715 1113 753 inter
1140 728 1193 753 se.
1248 715 1407 753 Iterum
1436 715 1653 754 Demoste-

240 791 321 816 nen
353 778 577 829 imperavit
612 778 824 817 silentium
857 779 1014 818 dicens:
1080 779 1215 831 „Quis
1247 793 1319 818 rex
1351 780 1558 830 ingressus
1589 785 1654 819 est

185 850 222 877 10
246 843 463 894 Egyptum
505 856 690 894 pugnare
732 856 825 882 cum
872 844 1064 895 Egyptiis
1107 845 1185 883 nisi
1229 844 1339 883 solus
1382 844 1652 883 Alexander?

185 1183 219 1209 15

181 1502 220 1527 20

76 1840 99 1864 Β
125 1839 219 1865 2033

244 907 298 946 Et
335 908 462 956 istud,
501 907 612 959 quod
651 908 761 956 fecit⁷
798 921 883 947 non
919 909 1159 960 pugnando,
1198 909 1268 948 sed
1306 909 1362 948 dii
1399 909 1654 949 adiuverunt

242 985 337 1010 eum
373 972 584 1023 querendo
620 973 888 1012 divinitatem
923 979 965 1012 et
999 974 1256 1013 adiutorium
1291 974 1343 1013 ab
1378 974 1469 1012 illis.
1536 974 1654 1013 Abiit

243 1038 385 1088 itaque
413 1043 455 1076 et
482 1037 723 1088 subiugavit
751 1043 878 1089 atque
906 1043 1118 1089 potestate
1145 1052 1219 1078 sua
1245 1039 1405 1089 redegit
1433 1039 1651 1090 Egyptios.

248 1103 357 1153 Quin
392 1103 520 1141 etiam
554 1103 713 1141 nomini
748 1115 821 1141 suo
856 1116 1053 1154 magnam
1088 1104 1305 1143 civitatem
1339 1104 1494 1143 ibidem
1529 1104 1654 1143 fabri-

243 1167 369 1215 cavit,
406 1168 506 1218 quin
539 1168 668 1206 immo
702 1168 829 1206 etiam
864 1174 906 1207 et
939 1169 1016 1219 ipsi
1051 1169 1222 1220 Egyptii
1254 1173 1511 1219 rogaverunt
1543 1182 1653 1217 eum⁷

242 1237 289 1270 ut
318 1232 427 1271 irent
458 1245 580 1283 super
611 1233 825 1272 Persidam
855 1234 896 1271 in
927 1234 1183 1273 adiutorium
1214 1235 1314 1273 eius.
1366 1234 1501 1273 Dicite
1530 1233 1652 1272 mihi:

245 1297 337 1347 Syri
356 1298 477 1348 parvi
498 1298 700 1336 fuerunt?
740 1298 848 1337 Nam
869 1303 911 1337 et
931 1299 988 1337 illi
1008 1298 1217 1338 humiliati
1238 1304 1336 1338 sunt
1357 1304 1484 1350 atque
1505 1299 1654 1337 datum

242 1362 448 1401 dederunt
465 1362 536 1401 illi.
571 1363 626 1401 Et
643 1376 718 1401 vos
734 1363 863 1401 vultis
880 1376 1065 1414 pugnare
1083 1377 1176 1402 cum
1195 1364 1273 1402 eo?
1309 1364 1374 1402 Sic
1391 1376 1466 1402 nos
1482 1376 1654 1403 monen-

242 1427 294 1465 do
335 1432 376 1466 et
415 1432 538 1466 tanta
579 1428 680 1466 data
720 1428 858 1467 dando
899 1429 1102 1468 militibus
1141 1429 1293 1467 nostris
1333 1429 1416 1467 tale
1456 1429 1654 1467 meritum

241 1492 413 1543 recipiet
443 1505 467 1531 a
496 1492 678 1531 110ὺίεὲιι

351 1570 387 1607 5.
424 1569 513 1606 Hoc
546 1569 721 1608 dicendo
758 1570 1039 1609 Demostenen
1071 1571 1282 1622 acquievit
1315 1576 1491 1609 cunctus
1522 1583 1654 1622 popu-

243 1633 306 1671 lus
335 1639 376 1672 et
406 1638 648 1672 statuerunt
678 1635 850 1685 dirigere
879 1635 935 1673 illi
964 1636 1223 1674 victorialem
1253 1648 1449 1674 coronam
1477 1648 1654 1686 pensan-

245 1696 363 1751 te[m]
394 1698 519 1737 libras
547 1700 867 1750 quinquaginta,
896 1700 965 1739 sed
993 1706 1035 1739 et
1061 1699 1375 1751 apochrisarios,
1404 1701 1656 1752 promittens

244 1763 300 1802 illi
339 1764 436 1802 dare
475 1764 692 1803 dacionem
730 1765 885 1815 pariter
923 1770 965 1804 et
1003 1765 1131 1813 dona;
1165 1764 1360 1804 rethorici
1394 1777 1492 1804 vero
1523 1765 1655 1804 nuHo-

246 1828 371 1867 modo
392 1828 704 1868 mandaverunt
725 1830 772 1868 ei.
811 1829 1027 1869 Abeuntes
1047 1843 1145 1869 vero
1166 1831 1406 1881 apocrisarii
1426 1831 1467 1869 in
1489 1830 1657 1869 Plateas

245 1893 460 1932 offerendo
493 1893 596 1932 haec
630 1894 740 1933 dona
771 1895 875 1945 regi3
909 1895 1082 1946 legendo
1115 1896 1248 1946 ipsam
1282 1895 1502 1946 epistolam
1535 1895 1654 1934 intel-

341 2026 360 2057 2
385 2016 690 2068 Poliponienses:
715 2035 743 2058 S.
768 2025 867 2059 Einl.
892 2028 950 2060 19.
982 2046 1017 2049 —
1051 2027 1071 2060 3
1095 2025 1298 2060 Corinthii:
1323 2036 1351 2059 s.
1377 2025 1476 2059 Einl.
1502 2028 1558 2060 17.

342 2073 377 2106 4.
392 2071 449 2113 [Ζί
466 2074 551 2113 168,
568 2074 587 2105 2
599 2071 789 2114 —15]Als
801 2073 957 2116 Anfang
975 2072 1041 2107 des
1057 2073 1155 2117 Kap.
1174 2072 1257 2116 gibt
1278 2085 1325 2107 ω;
1345 2072 1412 2106 Als
1428 2072 1653 2107 Demosthe-

244 2128 309 2151 nes
329 2118 563 2162 gesprochen
585 2119 708 2161 hatte,
730 2119 823 2153 fand
845 2130 884 2154 er
904 2119 1126 2163 allgemeine
1148 2120 1436 2164 Zustimmung3
1462 2119 1655 2154 Demades

243 2165 417 2209 schwieg.
467 2166 578 2200 Auch
605 2166 672 2200 der
697 2169 795 2201 erste
820 2166 1030 2202 Abschnitt
1057 2167 1123 2201 der
1148 2167 1253 2201 Rede
1281 2167 1346 2201 des
1374 2166 1656 2201 Demosthenes

244 2212 339 2246 fehlt
366 2212 426 2247 bei
455 2213 542 2247 Leo.
578 2234 613 2237 —
645 2217 687 2249 17
722 2214 824 2258 Syri:
853 2225 881 2248 s.
912 2214 1009 2248 Einl.
1039 2217 1096 2248 22.
1132 2235 1167 2238 -
1199 2217 1243 2249 19
1273 2214 1481 2248 dandando
1510 2214 1579 2248 Ba.
1614 2234 1650 2237 —

245 2262 289 2293 20
311 2260 488 2304 recipiat:
511 2261 609 2294 korr.
634 2261 690 2295 Ba
711 2261 748 2294 in
769 2261 944 2306 recipiet;
968 2261 1082 2296 debet
1103 2262 1272 2305 accipere
1297 2261 1348 2295 Jl.
1378 2282 1415 2285 —
1441 2262 1518 2296 Der
1536 2261 1655 2295 letzte

247 2307 336 2341 Satz
377 2307 518 2341 beruht
559 2307 878 2351 moglicherweise
919 2309 986 2343 aus
1025 2309 1146 2343 einem
1188 2308 1518 2343 Missverstandnis
1559 2308 1656 2342 Leos

244 2353 336 2387 oder
367 2354 434 2388 auf
466 2354 691 2389 verderbter
722 2356 974 2399 griechischer
1005 2355 1185 2399 Vorlage:
1220 2356 1283 2390 καὶ
1317 2357 1433 2400 ὑμεῖς
1463 2355 1655 2400 βούλεσθε

246 2400 451 2445 Ἀθηναῖοι
487 2402 674 2446 πολεμεῖν
702 2402 948 2447 Ἀλεξάνδρῳ
989 2403 1174 2447 τοσαύτην
1209 2404 1340 2447 ἔχοντι
1378 2404 1443 2447 τὴν
1469 2402 1656 2448 χορηγίαν

244 2448 342 2528 πρὸάς
379 2451 503 2529 {iiiam
540 2449 674 2494 χρείαν
709 2454 764 2494 τῷ
803 2450 1061 2495 στρατοπέδῳ.
1118 2450 1195 2484 Das
1232 2450 1406 2493 folgende
1443 2450 1493 2484 ist
1528 2450 1567 2483 in
1605 2449 1655 2483 ΡΞ

245 2505 312 2529 ver
341 2505 380 2529 er
431 2523 437 2529 .

344 2555 379 2589 5.
399 2554 456 2597 [Zi
487 2557 776 2598 168‚15-170,
806 2557 844 2598 5]
874 2559 918 2590 22
950 2556 1018 2591 illi:
1061 2555 1227 2590 namlich
1268 2556 1516 2600 Ἀλεξάνδρῳ
1539 2557 1586 2590 A.
1614 2576 1649 2579 —

245 2603 472 2645 pensantem
497 2602 551 2636 La
577 2602 676 2637 nach
704 2603 762 2644 J1·,
786 2613 814 2638 s.
837 2615 873 2638 u.
900 2604 937 2638 S.
961 2605 1044 2645 125,
1061 2606 1118 2638 23.
1141 2625 1177 2628 —
1202 2606 1246 2638 24
1270 2604 1480 2639 rhetoricos
1504 2603 1568 2638 La.
