1778 2875
703 99 930 132 —45-

108 225 185 253 nas
222 212 485 264 operationes
522 215 692 263 propter
730 222 915 250 amorem
953 208 1104 248 saeculi
1142 208 1184 247 in
1222 221 1263 247 se
1300 206 1518 246 habebant

108 277 263 330 pagani
294 276 346 316 ab
378 277 498 315 initio
530 289 662 327 usque
693 275 746 314 ad
779 275 1011 314 adventum
1042 272 1208 321 Christi,
1241 277 1289 311 ut
1319 270 1517 311 merendo

110 342 387 390 considerent,
419 353 547 393 quam
577 340 784 392 sapientes
814 343 856 378 et
885 339 975 390 pios
1004 338 1115 377 viros
1143 342 1246 376 tunc
1274 336 1518 388 possidebat

110 406 302 446 diabolus
337 405 572 445 excecando
603 409 764 444 mentes
794 404 971 452 illorum,
1012 416 1063 442 ne
1094 415 1216 442 suum
1246 405 1519 452 agnoscerent

110 476 340 512 creatorem
384 475 426 510 et
469 470 672 509 servirent
715 473 928 507 creaturae
971 468 1111 518 potius
1156 479 1283 518 quam
1327 466 1514 515 creatori,
1553 478 1572 504 5

111 541 154 576 et
193 536 285 575 ideo
325 534 629 585 intelligebant,
672 546 799 584 quam
839 533 997 571 iustum
1039 537 1080 571 et
1119 531 1398 571 necessarium
1439 531 1520 569 fuit

110 600 295 640 humano
330 599 468 650 generi
502 598 710 638 adventus
745 597 910 646 Christi,
947 597 1045 648 quia
1089 596 1318 635 secundum
1359 608 1519 634 sacram

113 666 376 717 scripturam,
405 664 437 702 si
462 676 537 702 nos
562 675 646 701 non
672 662 885 701 visitasset
910 674 960 700 ex
987 661 1072 700 alto
1103 661 1343 711 redemptor
1378 664 1519 699 noster

111 728 439 770 demonstrando
469 741 509 767 se
538 728 676 779 ipsum
704 727 826 766 nobis
854 726 967 765 viam
997 726 1155 774 salutis,
1185 738 1257 777 per
1287 737 1414 776 quam
1443 724 1520 763 sal-

112 807 320 843 varemur,
350 798 398 833 ut
426 805 521 832 eum
550 792 684 831 solum
712 792 753 830 in
782 792 972 830 trinitate
1002 790 1270 829 adoraremus
1298 790 1518 840 ipsumque
1542 800 1579 827 ιο

111 872 257 899 verum
309 863 537 898 creatorem
588 857 776 896 omnium
826 868 1156 905 agnosceremus,
1208 854 1397 893 funditus
1447 866 1522 892 nos

113 937 257 964 omnes
289 924 330 962 in
363 928 581 962 aeternum
612 922 880 973 perieramus.
948 921 1213 971 Quapropter
1245 931 1350 970 pura
1382 923 1521 957 mente

113 1002 209 1030 cum
229 988 420 1040 apostolo
441 986 688 1027 admirando
709 986 1032 1037 proclamemus:
1074 984 1138 1032 „O
1160 984 1340 1023 altitudo
1362 984 1522 1034 sapien-

113 1055 197 1094 tiae
225 1059 267 1093 et
295 1052 491 1092 scientiae
520 1052 598 1099 dei,
628 1064 755 1103 quam
784 1049 1218 1101 incomprehensibilia
1245 1054 1343 1087 sunt
1371 1048 1524 1086 iudicia

118 1119 205 1159 eius
231 1123 273 1157 et
298 1116 608 1168 investigabiles
634 1116 726 1155 viae
753 1116 881 1154 eius.“
935 1115 989 1153 Et
1017 1115 1167 1153 iterum
1195 1126 1288 1152 cum
1304 1113 1521 1164 psalmista
1546 1124 1581 1150 15

113 1184 371 1236 requirentes
402 1182 701 1221 exclamemus:
737 1180 873 1231 „Quis
904 1179 1089 1231 loquitur
1121 1179 1333 1230 potentias
1365 1178 1522 1217 domini
1544 1189 1581 1215 27
1608 1189 1630 1214 L

115 1253 158 1289 et
191 1248 358 1287 auditas
393 1247 518 1286 faciet
551 1259 694 1285 omnes
728 1245 871 1284 laudes
906 1245 992 1283 eius
1008 1245 1050 1283 ?“
1123 1243 1350 1283 Subaudis:
1387 1254 1522 1280 nemo.

224 1313 259 1351 2.
290 1313 452 1351 Interea
479 1310 751 1362 regnantibus
766 1310 1043 1349 Constantino
1069 1314 1111 1347 et
1131 1309 1336 1356 Romano,
1364 1307 1522 1357 magni·
1548 1319 1571 1345 Β
1591 1317 1681 1345 19:322

116 1379 206 1418 ficis
238 1376 560 1429 imperatoribus
580 1376 925 1423 Christianorum,
959 1379 1001 1413 et
1033 1374 1315 1425 principatum
1348 1372 1526 1411 ducatus

116 1443 248 1483 totius
272 1442 525 1494 Campaniae
552 1440 868 1480 dominantibus
895 1439 1086 1480 Johanne
1116 1443 1159 1477 et
1188 1438 1362 1485 Marino,
1393 1436 1523 1476 excel-
1545 1441 1585 1468 20

116 1508 358 1548 lentissimis
408 1506 583 1546 ducibus
634 1510 761 1556 atque
813 1504 1064 1552 consulibus,
1117 1503 1268 1555 quibus
1319 1501 1527 1553 quaedam

117 1573 342 1612 necessitas
373 1572 525 1611 accidit
555 1570 873 1610 transmittendi
904 1570 1076 1608 missum
1109 1581 1230 1606 suum
1262 1580 1392 1618 usque
1424 1566 1528 1605 Con-

121 1637 439 1688 stantinopolim
482 1636 534 1675 ad
578 1636 744 1674 eosdem
787 1635 972 1686 prefatos
1015 1635 1300 1685 imperatoreS,
1344 1637 1386 1670 et
1428 1637 1529 1670 tunc

119 1703 323 1742 miserunt
366 1702 463 1741 illuc
506 1702 688 1740 Leonem
733 1699 1128 1751 archipresbiterum
1171 1697 1293 1736 valde
1348 1696 1527 1735 fidelem.

127 1768 218 1819 Quo
266 1771 462 1818 pergente
508 1767 550 1805 in
597 1765 773 1805 eandem
820 1763 1334 1814 Constantinopolitanam
1382 1761 1528 1800 urbem
1548 1771 1586 1798 25

123 1832 261 1884 coepit
295 1832 500 1883 inquirere
534 1830 659 1869 libros
693 1830 745 1869 ad
780 1829 1014 1880 legendum.
1083 1829 1196 1867 Inter
1231 1840 1334 1879 quos
1370 1825 1530 1865 invenit

122 1896 340 1936 historiam
383 1897 669 1935 continentem
712 1889 941 1934 certamina
982 1898 1024 1932 et
1065 1893 1262 1932 victorias
1302 1890 1530 1930 Alexandri

122 1963 229 2013 regis
261 1961 543 2000 Macedoniae.
607 1960 663 1999 Et
694 1959 852 1998 nullam
884 1959 1189 2010 neglegentiam
1221 1956 1287 1995 vel
1319 1956 1529 2007 pigritiam

123 2025 317 2066 habendo
363 2026 448 2065 sine
492 2038 610 2064 mora
654 2025 818 2076 scripsit
862 2029 904 2063 et
950 2036 1089 2062 secum
1134 2034 1265 2073 usque
1312 2020 1530 2071 Neapolim

123 2091 300 2131 deduxit
333 2090 384 2130 ad
414 2102 511 2129 suos
542 2089 754 2141 predictos
787 2087 1164 2128 excellentissimos
1195 2086 1376 2125 seniores
1407 2089 1448 2123 et
1478 2085 1529 2123 ad
1550 2088 1591 2116 30

124 2156 383 2208 praeclaram
425 2159 467 2195 et
511 2155 802 2194 beatissimam
851 2154 1068 2204 coniugem
1117 2153 1218 2199 eius,
1266 2150 1532 2189 Theodoram

127 2220 321 2260 videlicet
383 2220 630 2259 senatricem
686 2219 984 2265 Romanorum,
1045 2230 1152 2269 quae
1205 2217 1269 2256 die
1320 2220 1532 2265 noctuque

129 2297 268 2324 sacrae
316 2285 543 2336 scripturae
590 2283 891 2323 meditabatur.
982 2282 1215 2321 Viduarum
1261 2293 1443 2331 namque
1491 2283 1533 2317 et

129 2350 370 2389 orfanorum
405 2354 532 2401 atque
568 2349 826 2388 diversorum
862 2348 1120 2387 advenarum
1156 2345 1385 2397 protectrix
1420 2343 1532 2382 inde-

128 2414 271 2453 ficiens
308 2414 595 2465 permanebat.
676 2414 792 2465 Quae
830 2412 1001 2452 iuvenili
1038 2416 1177 2451 aetate
1217 2422 1381 2449 cursum
1420 2409 1532 2447 vitae
1552 2418 1590 2445 35

222 2521 242 2553 8
270 2518 517 2562 scripturam:
550 2519 637 2553 Joh.
667 2521 725 2560 14,
754 2520 786 2552 6.
826 2538 861 2541 —
898 2520 943 2552 13
976 2527 1063 2551 cum
1089 2515 1282 2560 apostolo:
1313 2514 1455 2548 Paulus
1485 2512 1532 2546 ad

128 2567 241 2603 Rom.
271 2569 329 2607 11,
352 2567 409 2600 33.
446 2586 482 2589 —
517 2567 561 2600 15
587 2566 805 2609 psalmista:
834 2564 892 2598 Ps.
920 2566 1003 2605 105,
1032 2566 1063 2597 2.
