1778 2875
147 848 183 875 10

38 919 61 944 Β
87 919 179 946 215ό

150 1181 183 1207 15

20 1505 71 1531 121
97 1506 118 1530 L
145 1506 184 1532 20

785 155 1039 187 -118—

208 261 345 311 ipsum
373 261 586 300 inimicum
612 268 813 311 vestrum,
842 264 939 302 date
966 264 1081 313 mihi,
1110 266 1220 316 quod
1248 267 1428 317 postulo,
1456 272 1498 306 et
1524 268 1613 307 iuro

209 325 339 374 vobis,
381 326 478 376 quia
518 325 582 365 hic
621 327 662 365 in
709 328 869 378 palacio
911 334 1048 368 vestro
1089 330 1251 369 adduco
1282 331 1608 371 Alexandrum.“

210 390 424 428 Pacifieati
460 396 558 429 sunt
593 392 700 430 inter
736 406 776 431 se
814 393 960 432 fratres
996 398 1037 433 ct
1072 395 1338 434 crediderunt
1372 395 1450 435 hoc
1486 401 1613 448 atquc

207 455 487 504 promiserunt
518 456 553 494 ei
585 469 656 507 per
688 457 869 508 singulos
903 459 1085 497 facturos
1117 459 1217 498 mihi
1251 460 1373 500 dona.
1434 461 1613 501 Vocavit

208 532 273 558 me
294 520 445 559 iterum
466 520 668 560 Candacis
688 523 828 573 regina
849 524 1009 562 occulte
1031 530 1069 563 et
1092 524 1217 563 dixit:
1260 526 1423 573 „Beata
1445 526 1613 565 fuissem

207 596 294 634 ego,
322 585 352 623 si
380 585 531 624 cotidie
558 587 787 637 potuissem
814 592 854 626 te
880 587 1032 627 habere
1059 602 1156 640 prae
1184 590 1312 628 oculis
1339 591 1458 641 quasi
1484 603 1614 630 unum

206 661 256 687 ex
284 649 377 687 filiis
403 650 518 699 meis,
546 655 594 689 ut
620 652 810 691 vicissem
836 665 980 692 omnes
1006 654 1195 693 inimicos
1221 656 1377 693 meos.“
1436 655 1615 706 Quando

207 718 349 752 autem
386 714 633 754 dimiserunt
667 729 733 755 me
770 717 838 765 ire,
877 718 1065 757 fecerunt
1100 718 1202 757 mihi
1238 719 1348 758 dona
1383 720 1538 771 regalia
1574 725 1615 759 ct

206 791 402 818 coronam
440 793 488 818 ex
528 781 711 831 precioso
749 782 886 833 lapide.
924 783 1197 822 adamantino
1236 797 1305 823 seu
1345 789 1386 823 et
1423 784 1615 824 broniam

207 849 248 882 et
278 844 489 883 stellatam
521 845 756 885 clamidem.

315 909 377 947 24.
405 909 519 948 Movi
543 923 608 949 me
634 911 729 949 inde
755 916 797 950 et
822 912 1033 962 profectus
1059 926 1150 951 sum
1177 918 1218 952 et
1244 914 1327 952 abii
1353 914 1394 952 in
1422 914 1614 965 criptam,

207 986 332 1024 quam
358 976 612 1014 monstravit
638 975 739 1014 mihi
764 976 988 1016 Candaulis
1014 978 1166 1026 dicens,
1195 979 1307 1030 quod
1333 978 1391 1017 ibi
1417 979 1616 1018 comedis-

207 1043 299 1077 sent
326 1039 394 1077 dii.
450 1040 505 1079 Et
532 1045 761 1092 antequam
789 1042 1022 1092 ingrederer
1050 1043 1183 1094 ipsam
1212 1044 1404 1094 criptam,
1434 1044 1511 1082 feci
1539 1044 1616 1083 diis

207 1103 471 1143 offertionem
511 1110 553 1144 et
587 1106 794 1156 ingressus
823 1119 915 1145 sum
945 1112 985 1146 et
1015 1108 1101 1146 vidi
1130 1107 1185 1146 ibi
1216 1108 1409 1159 caligines
1439 1113 1481 1147 et
1510 1109 1617 1148 inter

209 1168 317 1219 ipsas
339 1169 532 1220 caligines
553 1170 640 1209 vidi
660 1171 844 1210 lucentes
867 1172 1006 1211 stellas
1027 1177 1069 1211 et
1090 1173 1374 1224 apparitiones
1395 1173 1616 1212 idolorum.

206 1233 301 1272 Vidi
329 1239 371 1272 et
400 1234 571 1286 quidam
599 1235 891 1275 recumbentes
920 1237 1078 1276 lucidos
1108 1237 1310 1277 habentes
1340 1238 1481 1277 oculos
1510 1239 1617 1277 sicut

204 1298 406 1337 lucernas.
428 1299 546 1338 Unus
567 1306 709 1340 autem
729 1314 779 1339 ex
799 1301 876 1340 illis
896 1302 1003 1341 dixit
1022 1302 1142 1341 mihi:
1182 1304 1314 1351 ,‚Ave‚
1334 1303 1616 1342 Alexander.“

211 1363 262 1402 Et
283 1376 376 1414 ego:
421 1365 556 1416 ⁷‚Quis
579 1378 620 1403 es
641 1371 702 1414 tu,
728 1366 893 1405 domine
911 1367 954 1405 s‘“
1009 1367 1063 1405 Et
1086 1367 1168 1406 ille:
1214 1368 1330 1418 „Ego
1354 1381 1446 1407 sum
1472 1368 1618 1407 Seson-

207 1427 353 1477 chosis‚
375 1442 549 1480 regnum
570 1431 717 1469 mundi
739 1436 885 1470 tenens
907 1437 947 1470 et
969 1432 1174 1471 mundum
1197 1433 1438 1483 subiugans,
1461 1433 1619 1472 faciens

208 1506 350 1532 omnes
370 1494 592 1533 subiectos.
632 1496 793 1535 Nomen
813 1501 956 1535 autem
976 1496 1077 1535 mihi
1096 1510 1178 1535 non
1199 1503 1261 1536 est
1281 1498 1388 1536 sicut
1408 1503 1455 1536 tu
1475 1497 1617 1545 habes,

206 1559 276 1609 qui
315 1559 355 1597 in
396 1564 469 1598 tuo
510 1559 778 1599 fabricaveris
816 1561 1128 1600 Alexandriam.
1204 1563 1363 1601 Tamen
1405 1562 1616 1613 ingredere

206 1624 384 1674 amplius
417 1630 459 1663 et
490 1629 591 1663 tunc
624 1625 826 1664 videbis.“

208 1730 363 1768 proinde
403 1731 493 1765 nihil
534 1731 674 1766 doloris
702 1733 859 1775 recipiet
890 1733 1137 1772 (Alexander)
1169 1733 1214 1767 de
1256 1743 1339 1767 meo
1381 1734 1539 1767 interitu
1574 1750 1617 1760 z

208 1778 276 1821 Sy:
316 1788 381 1812 ..so
416 1778 571 1813 wahnet
608 1780 727 1821 nicht,
763 1780 839 1814 dass
875 1780 954 1814 sich
990 1779 1208 1814 Alexander
1244 1791 1306 1814 um
1346 1780 1615 1814 meinetwillen

204 1828 327 1865 gramt
346 1825 437 1859 oder
452 1826 512 1860 l'ur
530 1826 630 1860 mich
646 1827 682 1860 in
700 1827 844 1861 Trauer
858 1827 1005 1871 gerat.'’
1038 1828 1112 1861 Der
1129 1827 1218 1861 Satz
1235 1828 1281 1862 ist
1300 1828 1337 1861 in
1356 1828 1410 1861 Ba
1427 1827 1619 1861 vielleicht

205 1872 324 1906 durch
351 1874 633 1917 Augensprung
658 1884 734 1908 von
760 1875 833 1908 mei
859 1874 926 1908 auf
952 1885 1034 1908 meo
1061 1874 1313 1914 ausgelassen.

304 1921 362 1954 24.
377 1920 728 1963 mimae—2509]
743 1924 786 1955 13
803 1921 872 1955 feci
890 1922 974 1964 (aus
990 1922 1080 1956 fecit
1096 1923 1133 1955 in
1150 1922 1206 1956 Ba
1221 1922 1336 1965 korr.)
1354 1922 1617 1956 offertionem:

206 1966 301 2000 fehlt
334 1968 363 2001 B
384 1968 409 2001 C
428 1968 537 2001 LAr.
575 1989 610 1992 —
644 1971 688 2002 14
720 1970 759 2003 et
790 1969 886 2003 vidi.
905 1997 936 2003 ..
975 1969 1077 2012 ipsas
1107 1968 1304 2012 caligines:
1347 1968 1443 2003 fehlt
1482 1968 1511 2002 B
1531 1968 1558 2003 C
1577 1969 1616 2002 L.

212 2035 246 2037 —
280 2016 325 2047 16
360 2014 517 2058 quidam
540 2015 702 2059 (Objekt
735 2016 785 2049 im
808 2016 1051 2058 Nominativ)
1086 2016 1123 2049 in
1157 2017 1285 2050 Rasur
1318 2015 1392 2057 Ba3
1428 2015 1616 2060 quosdam

208 2062 240 2094 ,il
262 2061 325 2095 La.
350 2082 385 2085 —
407 2064 449 2097 18
480 2062 743 2098 Sesonchosis:
774 2064 849 2097 Der
874 2063 996 2097 Name
1023 2063 1118 2097 fehlt
1145 2063 1174 2097 B
1194 2063 1220 2097 C
1239 2063 1284 2104 L;
1313 2063 1389 2107 By:
1419 2063 1620 2097 Sesostris.

212 2129 246 2132 —
279 2110 321 2142 21
356 2110 419 2153 qui
449 2110 486 2143 in
518 2112 583 2143 tuo
607 2110 671 2147 (sc.
704 2110 871 2147 nomine)
902 2110 1150 2145 fabricaberis
1178 2110 1404 2145 alexandrio
1432 2111 1535 2145 korr.
1559 2110 1617 2144 Ba

206 2156 258 2191 in:
299 2156 363 2200 qui
405 2157 442 2190 in
486 2159 554 2191 tua
583 2157 606 2191 f.
637 2157 876 2199 alexandria3
927 2158 992 2202 qui
1021 2157 1058 2191 in
1090 2157 1243 2192 nomine
1271 2159 1339 2192 tuo
1368 2157 1621 2192 fabricaberis

204 2203 479 2238 Alexandriam
501 2214 619 2238 verm.
645 2205 709 2238 La.
734 2225 770 2228 —
790 2205 1038 2239 fabricaveris
1052 2205 1117 2247 Pf;
1136 2205 1303 2249 Tempus
1323 2205 1394 2239 wie
1410 2204 1485 2239 Va:
1514 2203 1621 2238 urbis

206 2252 341 2284 auctor
377 2252 568 2293 extiteris;
606 2252 737 2292 κτίσας
765 2266 805 2287 ω.
826 2254 921 2285 —21
954 2253 1097 2286 Tamen
1225 2251 1284 2286 dic
1312 2251 1423 2286 mihi:
1452 2262 1492 2286 so
1522 2251 1619 2286 auch

208 2297 261 2330 Va
292 2297 350 2341 By
370 2298 509 2342 SyAr3
543 2298 640 2332 fehlt
675 2313 716 2333 ω.
753 2299 861 2333 ,NJ-ach
893 2313 923 2334 ω
950 2298 1096 2342 spricht
1125 2298 1275 2333 hierauf
1302 2298 1444 2333 wieder
1482 2298 1620 2333 Seson-

206 2343 343 2385 chosis,
375 2345 470 2379 nach
507 2345 579 2380 Leo
617 2346 683 2382 (Et
698 2346 773 2389 ille)
800 2346 939 2389 richtig
958 2346 1120 2389 Serapis.
1160 2346 1228 2379 Die
1246 2346 1376 2381 Worte
1403 2346 1454 2389 (S.
1479 2347 1561 2387 119,
1579 2347 1617 2389 3)

207 2391 287 2434 Ego
323 2395 358 2426 te
393 2393 469 2426 vidi
593 2393 733 2427 videris
761 2393 906 2437 spricht
938 2393 1035 2427 nach
1066 2392 1119 2427 Ba
1155 2392 1415 2428 anscheinend
1450 2392 1621 2436 Serapis,

205 2438 386 2473 wahrend
420 2440 797 2484 vernunftigerweise
832 2440 920 2483 (vgl.
958 2440 1023 2484 Syl
1077 2439 1295 2474 Alexander
1337 2440 1390 2474 sie.
1432 2439 1617 2484 sprechen

207 2486 311 2519 muss.
348 2486 398 2520 Es
438 2487 570 2521 musste
608 2487 793 2521 vielmehr
832 2487 986 2522 heissen:
1032 2489 1069 2521 et
1105 2486 1202 2522 dixi:
1236 2486 1367 2528 „Quid
1398 2488 1456 2521 est
1485 2485 1616 2521 hoc?'’

208 2533 257 2569 (τί
298 2534 376 2568 ἔστι
420 2538 551 2575 τοῦτο;
590 2537 675 2578 sagt
715 2534 946 2571 Alexander)
987 2534 1197 2577 adiungens
1234 2534 1344 2577 [ille]:
1393 2534 1618 2575 „Nativitas

207 2591 291 2614 sum
322 2592 389 2622 ego
421 2581 619 2615 deorum.⁷'
674 2581 758 2624 [Et]
789 2592 875 2625 ego:
909 2582 985 2623 „Te
1016 2581 1095 2615 vidi
1125 2581 1225 2615 etc.⁴’
1284 2581 1391 2615 Auch
1424 2581 1461 2614 in
1498 2581 1539 2614 ιῘ1
1571 2580 1619 2614 ist

208 2627 344 2662 anders
375 2639 419 2661 zu
452 2628 762 2672 interpungicren
798 2629 866 2662 wie
898 2628 958 2662 bei
991 2628 1042 2661 Zi.
